shop_id,date,date_block_num,item_id,item_price,item_cnt_day,revenue,change,item_ct_norm,limit
0,2013-01-31,188,33950789,1615222.0,3626.0,1852216.0,,3.714240406142666,0.916350770785949
0,2013-02-28,3258,34265608,1896723.0,3957.0,2370079.0,,4.0888634223977816,1.0
0,2013-03-31,164,3742908,166117.0,403.0,196170.0,,0.06647611191233929,0.10184483194339146
0,2013-04-30,104,4146168,226917.0,473.0,286906.0,,0.14570152320496196,0.11953500126358352
0,2013-05-31,155,4169590,272095.0,465.0,307978.0,,0.1366471904858051,0.11751326762699014
0,2013-06-30,165,3482403,192762.0,403.0,218866.0,,0.06647611191233929,0.10184483194339146
0,2013-07-31,121,2415687,160706.0,267.0,174210.0,,-0.08744754431332762,0.06747536012130402
0,2013-08-31,232,4894362,242834.0,550.0,310149.0,,0.2328494756268469,0.1389941875157948
0,2013-09-30,248,4224066,256353.0,494.0,298089.0,,0.16946914659274875,0.12484205205964115
0,2013-10-31,166,3408589,226469.0,389.0,286624.0,,0.05063102965381476,0.09830679807935304
0,2013-11-30,135,2747753,137147.0,301.0,158776.0,,-0.04896663025691089,0.07606772807682588
0,2013-12-31,128,3363738,160524.0,377.0,177307.0,,0.03704953057507944,0.09527419762446297
0,2014-01-31,0,0,0.0,0.0,0.0,-1.0,-0.3896358988151884,0.0
0,2014-02-28,0,0,0.0,0.0,0.0,-1.0,-0.3896358988151884,0.0
0,2014-03-31,0,0,0.0,0.0,0.0,-1.0,-0.3896358988151884,0.0
0,2014-04-30,0,0,0.0,0.0,0.0,-1.0,-0.3896358988151884,0.0
0,2014-05-31,0,0,0.0,0.0,0.0,-1.0,-0.3896358988151884,0.0
0,2014-06-30,0,0,0.0,0.0,0.0,-1.0,-0.3896358988151884,0.0
0,2014-07-31,0,0,0.0,0.0,0.0,-1.0,-0.3896358988151884,0.0
0,2014-08-31,0,0,0.0,0.0,0.0,-1.0,-0.3896358988151884,0.0
0,2014-09-30,0,0,0.0,0.0,0.0,-1.0,-0.3896358988151884,0.0
0,2014-10-31,0,0,0.0,0.0,0.0,-1.0,-0.3896358988151884,0.0
0,2014-11-30,0,0,0.0,0.0,0.0,-1.0,-0.3896358988151884,0.0
0,2014-12-31,0,0,0.0,0.0,0.0,-1.0,-0.3896358988151884,0.0
0,2015-01-31,0,0,0.0,0.0,0.0,,-0.3896358988151884,0.0
0,2015-02-28,0,0,0.0,0.0,0.0,,-0.3896358988151884,0.0
0,2015-03-31,0,0,0.0,0.0,0.0,,-0.3896358988151884,0.0
0,2015-04-30,0,0,0.0,0.0,0.0,,-0.3896358988151884,0.0
0,2015-05-31,0,0,0.0,0.0,0.0,,-0.3896358988151884,0.0
0,2015-06-30,0,0,0.0,0.0,0.0,,-0.3896358988151884,0.0
0,2015-07-31,0,0,0.0,0.0,0.0,,-0.3896358988151884,0.0
0,2015-08-31,0,0,0.0,0.0,0.0,,-0.3896358988151884,0.0
0,2015-09-30,0,0,0.0,0.0,0.0,,-0.3896358988151884,0.0
0,2015-10-31,0,0,0.0,0.0,0.0,,-0.3896358988151884,0.0
1,2013-01-31,95,19181797,893452.0,1955.0,962836.0,,3.5589107245733613,0.8507397737162751
1,2013-02-28,2024,21505851,1051531.0,2298.0,1151371.0,,4.248816089854941,1.0
1,2013-03-31,98,2943785,130199.0,310.0,147761.0,,0.25018091148823524,0.13489991296779807
1,2013-04-30,55,874512,89612.0,99.0,91647.0,,-0.17422151438468972,0.04308093994778068
1,2013-05-31,33,2385797,104616.0,242.0,120425.0,,0.11340666997468596,0.10530896431679722
1,2013-06-30,66,2050507,116618.0,216.0,139556.0,,0.06111063645479947,0.09399477806788512
1,2013-07-31,86,988400,48001.0,87.0,48120.0,,-0.19835814524002196,0.037859007832898174
1,2013-08-31,112,2388395,175817.0,267.0,221179.0,,0.16369131758996142,0.11618798955613577
1,2013-09-30,152,2715105,79674.0,262.0,85769.0,,0.15363438806690632,0.11401218450826806
1,2013-10-31,89,1697918,60691.0,169.0,82560.0,,-0.03342450106191842,0.07354221061792864
1,2013-11-30,63,1693970,67716.0,164.0,72541.0,,-0.04348143058497351,0.07136640557006092
1,2013-12-31,111,2524336,108234.0,242.0,114442.0,,0.11340666997468596,0.10530896431679722
1,2014-01-31,0,0,0.0,0.0,0.0,-1.0,-0.3733487189411806,0.0
1,2014-02-28,0,0,0.0,0.0,0.0,-1.0,-0.3733487189411806,0.0
1,2014-03-31,0,0,0.0,0.0,0.0,-1.0,-0.3733487189411806,0.0
1,2014-04-30,0,0,0.0,0.0,0.0,-1.0,-0.3733487189411806,0.0
1,2014-05-31,0,0,0.0,0.0,0.0,-1.0,-0.3733487189411806,0.0
1,2014-06-30,0,0,0.0,0.0,0.0,-1.0,-0.3733487189411806,0.0
1,2014-07-31,0,0,0.0,0.0,0.0,-1.0,-0.3733487189411806,0.0
1,2014-08-31,0,0,0.0,0.0,0.0,-1.0,-0.3733487189411806,0.0
1,2014-09-30,0,0,0.0,0.0,0.0,-1.0,-0.3733487189411806,0.0
1,2014-10-31,0,0,0.0,0.0,0.0,-1.0,-0.3733487189411806,0.0
1,2014-11-30,0,0,0.0,0.0,0.0,-1.0,-0.3733487189411806,0.0
1,2014-12-31,0,0,0.0,0.0,0.0,-1.0,-0.3733487189411806,0.0
1,2015-01-31,0,0,0.0,0.0,0.0,,-0.3733487189411806,0.0
1,2015-02-28,0,0,0.0,0.0,0.0,,-0.3733487189411806,0.0
1,2015-03-31,0,0,0.0,0.0,0.0,,-0.3733487189411806,0.0
1,2015-04-30,0,0,0.0,0.0,0.0,,-0.3733487189411806,0.0
1,2015-05-31,0,0,0.0,0.0,0.0,,-0.3733487189411806,0.0
1,2015-06-30,0,0,0.0,0.0,0.0,,-0.3733487189411806,0.0
1,2015-07-31,0,0,0.0,0.0,0.0,,-0.3733487189411806,0.0
1,2015-08-31,0,0,0.0,0.0,0.0,,-0.3733487189411806,0.0
1,2015-09-30,0,0,0.0,0.0,0.0,,-0.3733487189411806,0.0
1,2015-10-31,0,0,0.0,0.0,0.0,,-0.3733487189411806,0.0
2,2013-01-31,1497,6720151,757647.0833333,748.0,845282.9999999,,-0.612766605971243,0.07212317666126418
2,2013-02-28,1718,5410239,734469.88666666,722.0,829794.79999998,,-0.7276035107154827,0.051053484602917344
2,2013-03-31,2309,5714877,780309.223333333,821.0,885411.9999999991,,-0.2903399118816468,0.1312803889789303
2,2013-04-30,2481,5090795,654378.3,678.0,703040.0,,-0.9219428879749653,0.01539708265802269
2,2013-05-31,2723,4800068,670765.5,659.0,738650.0,,-1.0058621645188328,0.0
2,2013-06-30,3884,6484985,798371.4500000001,872.0,986067.0,,-0.06508290642179203,0.17260940032414912
2,2013-07-31,4348,6337228,821244.95666667,805.0,870315.00000001,,-0.3610087763396405,0.11831442463533225
2,2013-08-31,5113,6527903,798320.0599999999,847.0,853453.5,,-0.17550300713740713,0.15235008103727715
2,2013-09-30,4891,5507770,923346.71710526,886.0,1295894.9999999101,,-0.003247650021047562,0.1839546191247974
2,2013-10-31,5049,5414307,829748.523333333,785.0,970640.9999999991,,-0.4493448569121326,0.10210696920583469
2,2013-11-30,5273,5586586,812596.2316666329,817.0,1628914.999998999,,-0.30800712799614527,0.1280388978930308
2,2013-12-31,11143,9314262,1777101.2352380662,1321.0,2538538.999999798,,1.9180621024306552,0.5364667747163695
2,2014-01-31,9411,5307029,857633.683333334,715.0,906013.000000002,0.07184576053240059,-0.7585211389158549,0.04538087520259319
2,2014-02-28,11384,6109280,1070922.5,881.0,1337221.0,0.6115080499420245,-0.025331670164170584,0.17990275526742303
2,2014-03-31,12129,6497499,1226257.1428570799,984.0,1735354.99999956,0.9599406829809871,0.42959914478416367,0.2633711507293355
2,2014-04-30,11933,6179681,1038514.057142857,855.0,1156856.9999999981,0.6455066568047311,-0.14016857490841028,0.15883306320907617
2,2014-05-31,14161,6944295,1204170.723219247,1107.0,1681033.000000216,1.2758180464363582,0.97286604030499,0.36304700162074555
2,2014-06-30,13240,6586822,1088808.25,891.0,1205757.0,0.222794191469748,0.01883637012207546,0.1880064829821718
2,2014-07-31,13202,6039220,1051780.15,848.0,1207810.0,0.38778488248506127,-0.17108620310878253,0.15316045380875204
2,2014-08-31,15291,7153437,1157227.972857141,1065.0,1643891.9999999842,0.9261646943857915,0.7873602711027566,0.32901134521880065
2,2014-09-30,13958,6224966,1177428.95,939.0,1556288.5,0.20093719012736982,0.23084296349605646,0.22690437601296595
2,2014-10-31,14092,6363992,1094457.999999997,859.0,1316331.9999999912,0.3561471233957688,-0.12250135879391187,0.1620745542949757
2,2014-11-30,17638,6875717,1400467.02806982,1184.0,2120662.99999978,0.3018868387859915,1.3129599505090845,0.42544570502431117
2,2014-12-31,33013,13181246,2621988.86,1893.0,3172017.0,0.24954432451116668,4.444474006803929,1.0
2,2015-01-31,17153,6187346,979475.333333333,744.0,1055280.999999999,0.16475260288759297,-0.6304338220857414,0.06888168557536467
2,2015-02-28,19990,7389437,902095.23111111,922.0,1077288.00000001,-0.19438297783237773,0.1557572950094382,0.21312803889789303
2,2015-03-31,17491,5676377,933394.1566666701,774.0,1100205.00000001,-0.3660058028470895,-0.49792970122700325,0.09319286871961102
2,2015-04-30,16960,5540201,976909.74535993,861.0,1374972.99999975,0.18854188547050513,-0.11366775073666267,0.16369529983792544
2,2015-05-31,18407,6368280,951839.83333333,866.0,1522864.99999998,-0.09408976504340828,-0.09158373059353965,0.16774716369529985
2,2015-06-30,19369,6380020,869964.31818182,733.0,959050.00000002,-0.20460756188848994,-0.679018666400612,0.059967585089141004
2,2015-07-31,19427,6083027,844951.16666667,732.0,933984.00000001,-0.22671281078976824,-0.6834354704292366,0.05915721231766612
2,2015-08-31,24997,6916228,906290.510952373,936.0,1025830.9999999589,-0.3759742124178664,0.21759255141018266,0.22447325769854132
2,2015-09-30,17773,5302278,885311.068181813,663.0,1105540.000000019,-0.2896304252071392,-0.9881949484043343,0.0032414910858995136
2,2015-10-31,19739,5726414,938855.83333333,736.0,1106355.99999999,-0.1595159883676782,-0.6657682543147382,0.06239870340356564
3,2013-01-31,1807,5810028,473776.87,670.0,492107.01,,-0.9421244205889362,0.12016574585635359
3,2013-02-28,2267,7619133,626454.8200000001,924.0,678979.0,,0.6432587626156722,0.47099447513812154
3,2013-03-31,2611,7702959,632391.446428571,894.0,675390.999999997,,0.4560087803474113,0.42955801104972374
3,2013-04-30,2748,6637919,456623.9,727.0,466670.0,,-0.5863494542792406,0.19889502762430938
3,2013-05-31,3619,6752612,569486.325,783.0,578863.0,,-0.23681615404515374,0.27624309392265195
3,2013-06-30,3612,6584459,491561.01904762303,784.0,565205.0000000291,,-0.23057448796954505,0.2776243093922652
3,2013-07-31,4377,6691576,634505.0,800.0,677547.0,,-0.13070783075980594,0.29972375690607733
3,2013-08-31,5536,7795616,580225.0800000001,930.0,610197.0,,0.6807087590693244,0.47928176795580113
3,2013-09-30,5673,7299803,663651.06474358,1009.0,967327.99999984,,1.1738003790424112,0.5883977900552486
3,2013-10-31,5166,6080439,554791.3300000001,753.0,625638.0,,-0.42406613631341455,0.23480662983425415
3,2013-11-30,5868,6139578,606825.5272727,784.0,1017369.9999997,,-0.23057448796954505,0.2776243093922652
3,2013-12-31,10313,9380367,1098102.575,1141.0,1287333.0,,1.9977003010227588,0.7707182320441989
3,2014-01-31,10798,6462128,747059.3300000001,777.0,783527.0,0.59218825190074,-0.2742661504988059,0.26795580110497236
3,2014-02-28,12961,7318197,942809.4316666669,984.0,1046920.000000001,0.5419033578358109,1.0177587271521937,0.5538674033149171
3,2014-03-31,12495,7421376,829757.126666667,1074.0,980207.000000001,0.4513178292278183,1.5795086739569764,0.6781767955801105
3,2014-04-30,11018,6361399,719466.825,757.0,764130.0,0.6374097327876229,-0.3990994720109798,0.24033149171270718
3,2014-05-31,12397,6785606,785070.910256413,881.0,1082972.000000076,0.8708606354181834,0.3748671213644983,0.4116022099447514
3,2014-06-30,13634,7311412,719758.85,856.0,807444.0,0.4285860882333993,0.21882546947428094,0.3770718232044199
3,2014-07-31,13333,6820043,784120.0,801.0,845728.0,0.2482204186573035,-0.12446616468419724,0.3011049723756906
3,2014-08-31,14750,7308894,821446.792,912.0,892416.0,0.4625047320783288,0.5683587697083679,0.4544198895027624
3,2014-09-30,15192,7288843,918474.993333367,964.0,1154359.0000001108,0.19334806808063212,0.89292540564002,0.5262430939226519
3,2014-10-31,12881,6088690,810551.0,736.0,858861.0,0.37277626998360075,-0.5301744595987624,0.21132596685082872
3,2014-11-30,16935,7098037,1088737.736904763,949.0,1336309.0000000792,0.31349361589242186,0.7993004145058895,0.505524861878453
3,2014-12-31,25261,10367777,1690653.7,1307.0,1890992.0,0.46892218252775314,3.033816869573802,1.0
3,2015-01-31,15271,5604420,725353.583333334,611.0,761223.0400000019,-0.028466102635899083,-1.3103827190498492,0.03867403314917127
3,2015-02-28,19610,6669603,962624.0,830.0,1029317.0,-0.016814083215528436,0.056542151508454895,0.3411602209944751
3,2015-03-31,17605,6192651,918828.916666664,702.0,985434.9999999921,0.005333567297510659,-0.742391106169458,0.1643646408839779
3,2015-04-30,16765,5480309,751501.744583333,731.0,843530.680000059,0.10390991061738049,-0.5613827899768058,0.20441988950276244
3,2015-05-31,17141,5678042,895928.77,694.0,1058005.48,-0.023053707759825896,-0.7923244347743276,0.15331491712707182
3,2015-06-30,15759,5205730,549586.41,583.0,607063.66,-0.2481662381539772,-1.4851493691668927,0.0
3,2015-07-31,15995,4892837,675660.7050000001,603.0,729194.0,-0.13779134662681145,-1.3603160476547187,0.027624309392265192
3,2015-08-31,18792,5506263,793573.4433333301,692.0,882633.99999998,-0.01096125573725709,-0.8048077669255449,0.1505524861878453
3,2015-09-30,15772,4622951,694324.35333333,673.0,828184.99999999,-0.2825585454785639,-0.9233994223621101,0.12430939226519337
3,2015-10-31,16483,4961817,716387.000000003,596.0,781485.000000008,-0.09009141176510747,-1.4040077101839796,0.017955801104972375
4,2013-01-31,3476,13971544,1099245.9866666668,1685.0,1201696.000000001,,0.9983400552363171,0.6553884711779449
4,2013-02-28,4053,16398265,1424305.50357143,2069.0,1626541.00000001,,1.9361289437293998,0.8959899749373433
4,2013-03-31,4515,14543082,1171997.181666667,1806.0,1321398.500000001,,1.2938412414541896,0.731203007518797
4,2013-04-30,2914,4801415,480923.94,639.0,524312.0,,-1.55615780248182,0.0
4,2013-05-31,5521,10836079,888252.683333333,1397.0,1004544.999999999,,0.29499838886650503,0.474937343358396
4,2013-06-30,6978,12579405,1105130.81642857,1518.0,1298004.99999997,,0.5904995750843774,0.5507518796992481
4,2013-07-31,7863,13024184,1105340.009999997,1579.0,1226341.999999982,,0.7394712474752058,0.5889724310776943
4,2013-08-31,9802,14026616,1072795.364999996,1740.0,1165759.999999988,,1.132658776244441,0.6898496240601504
4,2013-09-30,8203,11059925,1083028.7572649461,1499.0,1513193.999999868,,0.5440985623724801,0.5388471177944862
4,2013-10-31,9601,11495268,1064219.7403333331,1466.0,1284355.999999999,,0.46350732976760584,0.518170426065163
4,2013-11-30,9543,9876630,953589.24870127,1369.0,1514168.99999939,,0.22661794908055108,0.4573934837092732
4,2013-12-31,17861,16703727,1909490.150238092,2235.0,2186180.9999999683,,2.3415272653175556,1.0
4,2014-01-31,14397,8737418,1014682.2566666661,1119.0,1094587.9999999981,-0.08913069528400087,-0.3839216918654664,0.3007518796992481
4,2014-02-28,16701,9977597,1045639.752452376,1386.0,1148650.519999969,-0.29380782900648555,0.26813464466488024,0.4680451127819549
4,2014-03-31,16895,9623762,1167401.75,1260.0,1352611.00000002,0.02362080780326228,-0.03957733437191252,0.3890977443609023
4,2014-04-30,16629,9793155,939898.9892344499,1248.0,1079723.300000014,1.059314492134481,-0.06888323713732136,0.3815789473684211
4,2014-05-31,17794,9705238,1143317.694834377,1328.0,1347110.000000051,0.34101508643221795,0.12648944796540423,0.4317042606516291
4,2014-06-30,17935,9813349,1177300.183333333,1263.0,1234598.999999999,-0.0488488102896155,-0.03225085868056031,0.39097744360902253
4,2014-07-31,18050,9349820,929970.5,1127.0,1063129.0,-0.1330893013531172,-0.3643844233551938,0.3057644110275689
4,2014-08-31,22337,11050843,1159301.81833333,1378.0,1283090.99999998,0.10064764617073266,0.2485973761546077,0.4630325814536341
4,2014-09-30,18143,8959846,1038225.143333296,1100.0,1199807.999999888,-0.20710232792358899,-0.43032270457736366,0.28884711779448624
4,2014-10-31,19080,9233092,953349.16666667,1094.0,1010280.00000001,-0.213395662884737,-0.4449756559600681,0.2850877192982456
4,2014-11-30,22716,10453543,1222072.19642857,1369.0,1494409.99999998,-0.013049402014846405,0.22661794908055108,0.4573934837092732
4,2014-12-31,38959,16819317,2290016.550000004,2185.0,2537497.5500000124,0.16069874818235505,2.219419337128352,0.968671679197995
4,2015-01-31,18841,7231132,782853.9785714301,812.0,823122.00000001,-0.24800746947708963,-1.1336643709471759,0.10839598997493734
4,2015-02-28,21560,7765893,890544.388333333,955.0,981268.4499999989,-0.14572062353654325,-0.7844356963260538,0.19799498746867167
4,2015-03-31,21546,7606204,842985.41666667,902.0,939984.00000001,-0.30505962172420886,-0.9138701002066095,0.16478696741854637
4,2015-04-30,20778,7754512,672505.45473856,950.0,928881.99999998,-0.139703662966273,-0.7966464891449742,0.19486215538847118
4,2015-05-31,19354,6660117,807661.0,841.0,1005691.0,-0.2534455241220376,-1.0628417725974377,0.12656641604010024
4,2015-06-30,20203,7191495,690884.17,765.0,738138.0,-0.40212328051456336,-1.248445823445027,0.07894736842105263
4,2015-07-31,23915,8778826,670040.28,902.0,686779.0,-0.35400219540620187,-0.9138701002066095,0.16478696741854637
4,2015-08-31,24586,7828186,719233.9333333331,921.0,711113.999999999,-0.4457805408969356,-0.8674690874947122,0.17669172932330826
4,2015-09-30,19137,6391570,633124.66666667,734.0,719987.00000002,-0.39991481970441334,-1.3241527389223333,0.05952380952380952
4,2015-10-31,20694,6746762,729864.0,750.0,806922.0,-0.20128875163321852,-1.2850782019017881,0.06954887218045112
5,2013-01-31,2768,4028731,259738.8,446.0,318579.0,,-2.493601869393098,0.0
5,2013-02-28,3405,10699444,686475.485,1171.0,738778.5,,-0.20678740157287143,0.4005524861878453
5,2013-03-31,3829,10671718,736209.7050000001,1206.0,805024.0,,-0.09638946174706739,0.4198895027624309
5,2013-04-30,3839,9571462,521095.0,967.0,551740.0,,-0.8502496794147006,0.2878453038674033
5,2013-05-31,4685,8995425,561490.0,1007.0,621694.0,,-0.7240806053280675,0.30994475138121547
5,2013-06-30,6024,11186276,674624.7318181801,1204.0,765840.99999998,,-0.10269791545139904,0.41878453038674035
5,2013-07-31,7880,13060332,759526.3358333331,1374.0,822466.999999999,,0.43352064941679197,0.512707182320442
5,2013-08-31,9090,13327244,812645.8833333331,1418.0,845102.9999999991,,0.5723066309120884,0.5370165745856353
5,2013-09-30,8344,11943925,938237.9986507901,1371.0,1204280.99999998,,0.4240579688602945,0.511049723756906
5,2013-10-31,9123,12033286,768770.5,1288.0,864616.0,,0.16225714013053064,0.46519337016574586
5,2013-11-30,9106,10226949,789350.0,1130.0,1225654.0,,-0.3361107025116704,0.37790055248618787
5,2013-12-31,17658,17601664,1687171.13333333,2114.0,2042444.99999999,,2.767648520019506,0.9215469613259668
5,2014-01-31,18120,12670437,996922.78,1483.0,1046187.0,2.2839170190125526,0.7773313763028674,0.5729281767955801
5,2014-02-28,17836,11795748,1033190.2633333331,1360.0,1158762.999999999,0.5684850059929993,0.3893614734864704,0.5049723756906077
5,2014-03-31,18587,11675785,1287568.53095237,1333.0,1578159.9999999101,0.9603887585959053,0.30419734847799296,0.4900552486187845
5,2014-04-30,16805,10914086,1115757.75,1184.0,1205183.0,1.1843313879725959,-0.16578245249471563,0.40773480662983425
5,2014-05-31,18260,11110045,951827.610389609,1294.0,1226933.9999999828,0.9735336033482433,0.1811825012435256,0.4685082872928177
5,2014-06-30,20984,12051532,1149742.0283333338,1339.0,1292921.000000001,0.6882368533416658,0.32312270959098793,0.49337016574585635
5,2014-07-31,21190,12391863,1036290.036666663,1324.0,1138541.9999999888,0.38430113305456665,0.2758093068085005,0.4850828729281768
5,2014-08-31,25659,13697206,1282170.60190476,1560.0,1332725.0,0.5769971234275603,1.0202068439196363,0.6154696132596685
5,2014-09-30,22446,11745919,1167331.2466666629,1376.0,1384385.019999979,0.14955315246192713,0.43982910312112367,0.5138121546961326
5,2014-10-31,19839,10431243,1058939.928571427,1147.0,1297609.000000001,0.5007922592225924,-0.28248884602485136,0.38729281767955803
5,2014-11-30,22228,11024301,1245458.5406503999,1347.0,1643881.99999986,0.34122843804194336,0.3483565244083146,0.4977900552486188
5,2014-12-31,41560,19412709,2239721.39166666,2256.0,2488883.99999998,0.21858067169495002,3.215548733027054,1.0
5,2015-01-31,23658,9812000,989885.333333333,995.0,1028293.9999999991,-0.017103060925055397,-0.7619313275540575,0.3033149171270718
5,2015-02-28,27212,11425637,967073.64571429,1148.0,1070714.01000003,-0.07598533090888222,-0.2793346191726855,0.3878453038674033
5,2015-03-31,25021,10036635,786080.5,993.0,872557.0,-0.4471048562883043,-0.7682397812583891,0.30220994475138124
5,2015-04-30,22282,8835207,801026.4932432399,1066.0,999296.99999988,-0.1708338069821098,-0.5379812210502836,0.3425414364640884
5,2015-05-31,24263,8614584,845718.85,994.0,1041608.0,-0.15104805963481766,-0.7650855544062233,0.3027624309392265
5,2015-06-30,23388,8190235,706481.666666663,880.0,765789.999999988,-0.4077054978610546,-1.1246674155531278,0.23977900552486187
5,2015-07-31,26742,9872404,873152.7566666672,1013.0,928993.0000000009,-0.184050302931284,-0.7051552442150725,0.3132596685082873
5,2015-08-31,34884,11389307,1104245.3009523798,1269.0,1176385.4999999919,-0.11730814684200278,0.10232682993937987,0.45469613259668507
5,2015-09-30,26912,9503396,895085.6724603199,1036.0,1024714.00000001,-0.2598056283503952,-0.6326080266152584,0.3259668508287293
5,2015-10-31,27614,9444153,906540.666666667,950.0,996358.0000000009,-0.2321585315761526,-0.9038715359015198,0.27845303867403315
6,2013-01-31,6360,29510641,2074272.144999997,3403.0,2362454.999999991,,0.4955647891039973,0.47475
6,2013-02-28,8549,31268336,2341283.076124954,4042.0,2922758.999999912,,1.1575976617642347,0.6345
6,2013-03-31,10946,33433773,2530312.6215214953,4370.0,3335240.0000000345,,1.497420482159474,0.7165
6,2013-04-30,10656,27372643,1884756.250000002,3130.0,2105701.000000006,,0.21272445383600855,0.4065
6,2013-05-31,12918,26680814,1940265.058008644,3459.0,2523474.999999918,,0.5535833194153796,0.48875
6,2013-06-30,15785,30530698,2164105.332581257,3902.0,3010080.0000002463,,1.012551335985779,0.5995
6,2013-07-31,18038,31259632,2085745.8825094907,3659.0,2451381.999999997,,0.760792356241745,0.53875
6,2013-08-31,19980,31068976,2145551.443333333,3736.0,2482711.999999999,,0.8405678354198958,0.558
6,2013-09-30,21331,30705524,2384008.10345677,4114.0,3998955.43000053,,1.2321929150217263,0.6525
6,2013-10-31,22095,29041439,2217339.601580081,3688.0,2989892.4999999627,,0.7908376665815681,0.546
6,2013-11-30,22767,27267088,2120753.436647435,3592.0,4287779.000001466,,0.6913773289049127,0.522
6,2013-12-31,42918,43571782,4067672.6219549244,5504.0,5385356.000000268,,2.672295720964966,1.0
6,2014-01-31,34779,23840869,2314280.8553968323,2826.0,2650326.00000002,0.1218524797297853,-0.10223328214006688,0.3305
6,2014-02-28,37675,26444483,2346864.722883597,3160.0,2822538.7099999953,-0.03428961813133402,0.24380580935996335,0.414
6,2014-03-31,34912,22811627,2166776.9085503425,2893.0,3012441.000000086,-0.09678433935787079,-0.03281825480323447,0.34725
6,2014-04-30,36080,23269544,1957654.32429819,3009.0,2551177.999999996,0.21155757631306082,0.08736298655605747,0.37625
6,2014-05-31,36418,21489619,2053629.3613761668,2820.0,2941826.999999973,0.16578408741916148,-0.10844955324485785,0.329
6,2014-06-30,41353,23949964,2225832.3000000026,2771.0,2646600.000000019,-0.1207542656674233,-0.15921576726731737,0.31675
6,2014-07-31,39133,22303551,2080168.265000003,2583.0,2562360.000000009,0.04527160597573604,-0.3539922618841009,0.26975
6,2014-08-31,44004,23134381,2217232.58058824,2744.0,2601252.00000008,0.047746174344862016,-0.1871889872388767,0.31
6,2014-09-30,38355,19430434,2302790.96876751,2581.0,3392260.99999999,-0.15171322627130643,-0.3560643522523645,0.26925
6,2014-10-31,40413,21475927,2179775.5707556903,2500.0,2673442.0000000107,-0.10584009291302479,-0.4399840121670425,0.249
6,2014-11-30,48912,24883481,2836685.213196641,3289.0,4442752.00000008,0.03614295419576457,0.37745563811296906,0.44625
6,2014-12-31,75319,35709803,4486379.963095246,4205.0,5564898.660000018,0.033339051308723264,1.3264730267777225,0.67525
6,2015-01-31,41767,17012509,1635671.275,1824.0,1813414.0,-0.31577700252724145,-1.1403505566401575,0.08
6,2015-02-28,45277,17824843,1942154.334963372,2026.0,2403587.00000002,-0.14843081106936384,-0.9310694294455285,0.1305
6,2015-03-31,41168,15859528,1565053.660714287,1780.0,1967750.5000000212,-0.3467920201590787,-1.1859365447419579,0.069
6,2015-04-30,40329,14752282,1686494.5031344094,2032.0,2741987.999999408,0.07479289959360447,-0.9248531583407376,0.132
6,2015-05-31,38020,13879693,1707789.27407706,1812.0,2838166.0000002296,-0.03523694629213219,-1.1527830988497394,0.077
6,2015-06-30,38678,13929548,1466007.2592857098,1504.0,1655213.999999909,-0.37458852867834314,-1.4718850155623422,0.0
6,2015-07-31,41032,15302932,1277013.327142857,1579.0,1462304.999999999,-0.4293132112583735,-1.3941816267524552,0.01875
6,2015-08-31,42645,14175059,1579868.95833334,1575.0,1808235.00000004,-0.30485973677291384,-1.3983258074889826,0.01775
6,2015-09-30,40752,13741732,1655877.5217948598,1594.0,2214504.99999997,-0.3471890871604583,-1.3786409489904778,0.0225
6,2015-10-31,46166,15285651,1910815.809265731,1733.0,2292275.999999971,-0.14257500256225422,-1.2346306683961539,0.05725
7,2013-01-31,4208,19314700,1427537.97916667,2091.0,1580507.00000002,,0.25901472322471075,0.3786290322580645
7,2013-02-28,5862,21853528,1751939.2751745929,2677.0,1993095.999999939,,1.3085590277862607,0.6149193548387096
7,2013-03-31,6985,20666160,1648579.307777781,2510.0,1907612.0000000081,,1.0094568112985836,0.5475806451612903
7,2013-04-30,6744,16054057,1195198.0,1768.0,1295897.5,,-0.3194883661496589,0.24838709677419354
7,2013-05-31,7704,15866249,1197443.17142857,1859.0,1382731.99999998,,-0.15650452363242162,0.28508064516129034
7,2013-06-30,10043,19965287,1340275.5121568632,2177.0,1552379.0000000093,,0.4130434095596822,0.41330645161290325
7,2013-07-31,11713,19775685,1433091.978333333,2289.0,1575648.989999999,,0.6136389080424358,0.4584677419354839
7,2013-08-31,13889,20902143,1558611.5919047631,2399.0,1696381.000000009,,0.810652344052283,0.5028225806451613
7,2013-09-30,13847,19658723,1706701.0203947201,2505.0,2421007.0000002002,,1.0005016551163177,0.5455645161290322
7,2013-10-31,14773,18526222,1429738.9266666698,2207.0,1695380.00000001,,0.46677434665327694,0.4254032258064516
7,2013-11-30,14609,17020759,1509935.3115623281,2072.0,2745565.000000366,,0.22498512973210077,0.3709677419354839
7,2013-12-31,27994,27177763,3050723.0666666687,3632.0,4004681.0000000075,,3.0189938585990252,1.0
7,2014-01-31,25152,16854687,1725501.4566666628,1963.0,1929047.999999989,0.22052480628049392,0.02976272495870668,0.3270161290322581
7,2014-02-28,28519,18471446,1801706.8002619091,2300.0,2057503.110000015,0.03231510674853493,0.6333402516434206,0.4629032258064516
7,2014-03-31,25099,15678566,1673505.561796529,1924.0,2004835.9999999872,0.050966339066843065,-0.040087493262966435,0.31129032258064515
7,2014-04-30,23598,14332075,1427041.833333333,1708.0,1595543.0000000002,0.2312262350996126,-0.4269502403368483,0.22419354838709676
7,2014-05-31,25033,15065896,1394322.246450211,1797.0,1730462.9999999441,0.25148112577127685,-0.26754846029251733,0.2600806451612903
7,2014-06-30,30303,16925071,1673025.185,2017.0,1858827.0,0.19740540164482312,0.12647841172717714,0.3487903225806452
7,2014-07-31,29548,16433767,1656731.98333333,1899.0,1965625.99999998,0.24750246563479925,-0.08486327417429536,0.30120967741935484
7,2014-08-31,34182,17774508,1909811.36545455,2147.0,2190841.0000000503,0.291479331588858,0.35931247246608755,0.4012096774193548
7,2014-09-30,28410,14753494,1809896.2278787799,1809.0,2254488.99999992,-0.06878047027549551,-0.24605608545507948,0.26491935483870965
7,2014-10-31,26950,13305785,1517411.67666667,1581.0,1698553.0000000112,0.0018715568191208728,-0.6544112073663992,0.17298387096774193
7,2014-11-30,33060,15217679,2069972.179836597,2026.0,2760225.9999998016,0.005339884504440311,0.14259769285525556,0.3524193548387097
7,2014-12-31,58487,25329800,3733562.307499998,3313.0,4448350.319999991,0.11078768071663703,2.4476548941704683,0.8713709677419355
7,2015-01-31,33649,12668976,1670351.0583333399,1451.0,1805837.00000003,-0.06387140185208441,-0.8872452681053096,0.12056451612903225
7,2015-02-28,38013,14457307,1655425.7168205068,1707.0,1864260.0000000212,-0.09392117516653105,-0.42874127157330144,0.22379032258064516
7,2015-03-31,32776,12512572,1356811.1383333332,1366.0,1490100.999999999,-0.25674668651200966,-1.0394829232038278,0.08629032258064516
7,2015-04-30,30482,11330129,1330667.83417933,1364.0,1769327.0000001,0.10891840583431447,-1.0430649856767342,0.08548387096774193
7,2015-05-31,31737,11220583,1305239.7044444461,1366.0,1676300.0000000172,-0.03129971574077495,-1.0394829232038278,0.08629032258064516
7,2015-06-30,30319,10513788,1168439.1316666668,1175.0,1263824.130000002,-0.32009588304882486,-1.3815698893663808,0.009274193548387096
7,2015-07-31,34616,12932456,1270830.6383333332,1323.0,1356661.999999999,-0.3098066468392192,-1.1164972663713137,0.06895161290322581
7,2015-08-31,38942,12563534,1350455.6404761837,1432.0,1542165.49999998,-0.2960851563395315,-0.9212748615979196,0.11290322580645161
7,2015-09-30,30565,10057472,1192299.9129487202,1171.0,1502092.0,-0.3337328325842116,-1.3887340143121936,0.007661290322580645
7,2015-10-31,31648,10110748,1313420.43650793,1152.0,1468355.99999997,-0.13552535599421373,-1.4227636078048036,0.0
8,2013-01-31,93,7250617,470349.0,747.0,490850.0,,2.8183775189200038,0.7757009345794392
8,2013-02-28,861,9013047,628904.895,963.0,665508.0,,3.767703964773717,1.0
8,2013-03-31,1020,6712764,404198.875,692.0,424532.0,,2.5766508776146604,0.7185877466251298
8,2013-04-30,48,1211243,93963.0,139.0,99838.0,,0.1461993750354779,0.14434060228452752
8,2013-05-31,52,1235594,86224.0,139.0,95815.0,,0.1461993750354779,0.14434060228452752
8,2013-06-30,75,1163810,68063.0,118.0,71359.0,,0.05390374835525578,0.122533748701973
8,2013-07-31,81,1238686,72731.5,119.0,74379.0,,0.058298778197171115,0.12357217030114226
8,2013-08-31,207,1611475,97704.935,166.0,104695.0,,0.26486518076719207,0.17237798546209762
8,2013-09-30,229,1874303,113431.0,201.0,127649.0,,0.4186912252342289,0.2087227414330218
8,2013-10-31,201,1695365,105594.5,177.0,107029.0,,0.31321050902826075,0.1838006230529595
8,2013-11-30,33,393756,26189.0,44.0,26189.0,,-0.2713284599464793,0.04569055036344756
8,2013-12-31,55,850973,58919.0,90.0,61515.0,,-0.06915708721837371,0.09345794392523364
8,2014-01-31,0,0,0.0,0.0,0.0,-1.0,-0.4647097729907542,0.0
8,2014-02-28,0,0,0.0,0.0,0.0,-1.0,-0.4647097729907542,0.0
8,2014-03-31,0,0,0.0,0.0,0.0,-1.0,-0.4647097729907542,0.0
8,2014-04-30,0,0,0.0,0.0,0.0,-1.0,-0.4647097729907542,0.0
8,2014-05-31,0,0,0.0,0.0,0.0,-1.0,-0.4647097729907542,0.0
8,2014-06-30,0,0,0.0,0.0,0.0,-1.0,-0.4647097729907542,0.0
8,2014-07-31,0,0,0.0,0.0,0.0,-1.0,-0.4647097729907542,0.0
8,2014-08-31,0,0,0.0,0.0,0.0,-1.0,-0.4647097729907542,0.0
8,2014-09-30,0,0,0.0,0.0,0.0,-1.0,-0.4647097729907542,0.0
8,2014-10-31,0,0,0.0,0.0,0.0,-1.0,-0.4647097729907542,0.0
8,2014-11-30,0,0,0.0,0.0,0.0,-1.0,-0.4647097729907542,0.0
8,2014-12-31,0,0,0.0,0.0,0.0,-1.0,-0.4647097729907542,0.0
8,2015-01-31,0,0,0.0,0.0,0.0,,-0.4647097729907542,0.0
8,2015-02-28,0,0,0.0,0.0,0.0,,-0.4647097729907542,0.0
8,2015-03-31,0,0,0.0,0.0,0.0,,-0.4647097729907542,0.0
8,2015-04-30,0,0,0.0,0.0,0.0,,-0.4647097729907542,0.0
8,2015-05-31,0,0,0.0,0.0,0.0,,-0.4647097729907542,0.0
8,2015-06-30,0,0,0.0,0.0,0.0,,-0.4647097729907542,0.0
8,2015-07-31,0,0,0.0,0.0,0.0,,-0.4647097729907542,0.0
8,2015-08-31,0,0,0.0,0.0,0.0,,-0.4647097729907542,0.0
8,2015-09-30,0,0,0.0,0.0,0.0,,-0.4647097729907542,0.0
8,2015-10-31,0,0,0.0,0.0,0.0,,-0.4647097729907542,0.0
9,2013-01-31,0,0,0.0,0.0,0.0,,-0.6252429882061111,0.0004385964912280702
9,2013-02-28,0,0,0.0,0.0,0.0,,-0.6252429882061111,0.0004385964912280702
9,2013-03-31,2061,2918914,230540.156250004,543.0,519171.000000012,,0.1023024579215344,0.23859649122807017
9,2013-04-30,3384,4167399,432042.196014211,1573.0,1418398.000000146,,1.4823610389739743,0.6903508771929825
9,2013-05-31,4122,5651014,481779.39372124185,2131.0,1950084.0000002165,,2.2300044256023837,0.9350877192982456
9,2013-06-30,3825,4930711,473374.857872485,2279.0,1956454.9999997846,,2.428304105209919,1.0
9,2013-07-31,0,0,0.0,0.0,0.0,,-0.6252429882061111,0.0004385964912280702
9,2013-08-31,0,0,0.0,0.0,0.0,,-0.6252429882061111,0.0004385964912280702
9,2013-09-30,0,0,0.0,0.0,0.0,,-0.6252429882061111,0.0004385964912280702
9,2013-10-31,0,0,0.0,0.0,0.0,,-0.6252429882061111,0.0004385964912280702
9,2013-11-30,0,0,0.0,0.0,0.0,,-0.6252429882061111,0.0004385964912280702
9,2013-12-31,0,0,0.0,0.0,0.0,,-0.6252429882061111,0.0004385964912280702
9,2014-01-31,0,0,0.0,0.0,0.0,,-0.6252429882061111,0.0004385964912280702
9,2014-02-28,4851,2968687,299020.388571429,513.0,629882.0000000029,inf,0.062106576920007026,0.22543859649122808
9,2014-03-31,8190,5200704,487129.51371264795,1797.0,1839264.0000000321,2.5426940256678234,1.7824902837853789,0.7885964912280702
9,2014-04-30,9240,5791873,581993.179372627,2069.0,2237366.9999998277,0.5773901260433231,2.146932938199227,0.9078947368421053
9,2014-05-31,7476,4270265,471669.021518764,1776.0,1909228.00000004,-0.020950892371903954,1.7543531670843096,0.7793859649122807
9,2014-06-30,0,0,0.0,0.0,0.0,-1.0,-0.6252429882061111,0.0004385964912280702
9,2014-07-31,0,0,0.0,0.0,0.0,,-0.6252429882061111,0.0004385964912280702
9,2014-08-31,0,0,0.0,0.0,0.0,,-0.6252429882061111,0.0004385964912280702
9,2014-09-30,0,0,0.0,0.0,0.0,,-0.6252429882061111,0.0004385964912280702
9,2014-10-31,0,0,0.0,0.0,0.0,,-0.6252429882061111,0.0004385964912280702
9,2014-11-30,0,0,0.0,0.0,0.0,,-0.6252429882061111,0.0004385964912280702
9,2014-12-31,0,0,0.0,0.0,0.0,,-0.6252429882061111,0.0004385964912280702
9,2015-01-31,4290,2122884,192656.95,287.0,352217.0,inf,-0.2407023932914992,0.12631578947368421
9,2015-02-28,6666,3157301,289878.97222222295,849.0,944010.0000000091,0.4987092820560116,0.5123004441371136,0.37280701754385964
9,2015-03-31,8250,4001575,385533.11157848896,1084.0,1386727.000000011,-0.2460424387146235,0.8271681786490781,0.4758771929824561
9,2015-04-30,8673,4092566,384886.0,966.0,1233833.0,-0.4485334770736786,0.6690643800430703,0.42412280701754385
9,2015-05-31,0,0,0.0,0.0,0.0,-1.0,-0.6252429882061111,0.0004385964912280702
9,2015-06-30,0,0,0.0,0.0,0.0,,-0.6252429882061111,0.0004385964912280702
9,2015-07-31,0,0,0.0,0.0,0.0,,-0.6252429882061111,0.0004385964912280702
9,2015-08-31,0,0,0.0,0.0,0.0,,-0.6252429882061111,0.0004385964912280702
9,2015-09-30,0,0,0.0,0.0,0.0,,-0.6252429882061111,0.0004385964912280702
9,2015-10-31,33,18103,3799.0,-1.0,-3799.0,-inf,-0.626582850906162,0.0
10,2013-01-31,1827,7642632,470541.0,898.0,505677.0,,0.7738374962301439,0.6901408450704225
10,2013-02-28,2239,7952565,542528.0,1003.0,626614.0,,1.2119281815364575,0.7825704225352113
10,2013-03-31,2587,7511456,525845.0,967.0,628402.0,,1.0617256608600072,0.7508802816901409
10,2013-04-30,2697,5971489,431314.0,708.0,454033.0,,-0.018898029562233024,0.522887323943662
10,2013-05-31,3116,6243337,376191.0,797.0,442724.0,,0.3524359798878804,0.6012323943661971
10,2013-06-30,3648,6879259,391521.0,801.0,491504.0,,0.36912514885193043,0.6047535211267606
10,2013-07-31,4679,7698892,445215.0,896.0,485566.0,,0.7654929117481188,0.6883802816901409
10,2013-08-31,4420,6446919,384055.0,783.0,413415.0,,0.29402388851370526,0.5889084507042254
10,2013-09-30,5806,7411456,590904.0,1044.0,855290.0,,1.3829921634179705,0.8186619718309859
10,2013-10-31,6170,7787524,530334.0,978.0,640060.0,,1.1076208755111447,0.7605633802816901
10,2013-11-30,7272,7410776,609402.0,1007.0,977162.0,,1.2286173505005076,0.7860915492957746
10,2013-12-31,10331,9820100,847744.0,1250.0,935325.0,,2.2424843650665474,1.0
10,2014-01-31,8480,5763569,497696.26,685.0,544463.06,0.07670125396250978,-0.11486075110552076,0.5026408450704225
10,2014-02-28,10883,7058993,557878.28,861.0,623191.44,-0.005461990954559036,0.6194626833126811,0.6575704225352113
10,2014-03-31,10498,6484322,625284.24,813.0,773795.28,0.2313698556019873,0.41919265574408054,0.6153169014084507
10,2014-04-30,8732,4760973,477095.96,666.0,536286.26,0.18116141337744174,-0.19413430368475845,0.4859154929577465
10,2014-05-31,10272,5930731,565261.47,766.0,792747.47,0.7906132714738753,0.22309492041649256,0.573943661971831
10,2014-06-30,9368,4977019,506720.55,619.0,539032.68,0.09670049480777379,-0.39023203901234643,0.44454225352112675
10,2014-07-31,9197,4640613,449010.88,573.0,487625.75,0.004241956809167034,-0.5821574820989219,0.4040492957746479
10,2014-08-31,11968,6090100,523530.0,734.0,562687.78,0.36107248164677147,0.08958156870409224,0.545774647887324
10,2014-09-30,11924,5688257,609260.26,747.0,715674.28,-0.16323787253446195,0.14382136783725488,0.5572183098591549
10,2014-10-31,10672,4902115,389785.31,572.0,419234.31,-0.3450077961441115,-0.5863297743399344,0.40316901408450706
10,2014-11-30,13028,5783057,694909.77,792.0,867272.78,-0.11245752495492045,0.33157451868281784,0.596830985915493
10,2014-12-31,20042,8424343,982879.9099999999,1031.0,1082193.45,0.15702397562344633,1.3287523642848078,0.8072183098591549
10,2015-01-31,11216,4546731,339999.73,502.0,352844.89,-0.35193970735131236,-0.8783902312108102,0.3415492957746479
10,2015-02-28,3074,1061395,75673.6,114.0,81984.38,-0.868444309825565,-2.497239620723664,0.0
10,2015-03-31,11105,4030028,402717.7300000001,446.0,433524.19999999995,-0.43974302867290693,-1.1120385967075106,0.29225352112676056
10,2015-04-30,12127,4422049,410951.7400000001,570.0,580856.2300000001,0.08310854356029947,-0.5946743588219594,0.4014084507042254
10,2015-05-31,10161,3584542,296912.9099999999,473.0,447563.7900000001,-0.43542703453850173,-0.9993867062001729,0.3160211267605634
10,2015-06-30,10392,3778679,243569.77,407.0,283416.76,-0.47421228709175856,-1.2747579941069986,0.2579225352112676
10,2015-07-31,12504,4238969,383899.87,470.0,402053.08999999985,-0.17548839453207743,-1.0119035829232104,0.31338028169014087
10,2015-08-31,11409,3416530,304037.18,401.0,325139.51,-0.42216710304247235,-1.2997917475530736,0.25264084507042256
10,2015-09-30,11437,3645577,339565.44,432.0,414676.9,-0.42057873031290155,-1.1704506880816858,0.27992957746478875
10,2015-10-31,12029,3575354,402899.23,420.0,457004.45,0.09009315101142369,-1.220518194973836,0.26936619718309857
11,2013-01-31,0,0,0.0,0.0,0.0,,-0.24833603191012787,0.0
11,2013-02-28,0,0,0.0,0.0,0.0,,-0.24833603191012787,0.0
11,2013-03-31,0,0,0.0,0.0,0.0,,-0.24833603191012787,0.0
11,2013-04-30,0,0,0.0,0.0,0.0,,-0.24833603191012787,0.0
11,2013-05-31,0,0,0.0,0.0,0.0,,-0.24833603191012787,0.0
11,2013-06-30,0,0,0.0,0.0,0.0,,-0.24833603191012787,0.0
11,2013-07-31,0,0,0.0,0.0,0.0,,-0.24833603191012787,0.0
11,2013-08-31,0,0,0.0,0.0,0.0,,-0.24833603191012787,0.0
11,2013-09-30,0,0,0.0,0.0,0.0,,-0.24833603191012787,0.0
11,2013-10-31,0,0,0.0,0.0,0.0,,-0.24833603191012787,0.0
11,2013-11-30,0,0,0.0,0.0,0.0,,-0.24833603191012787,0.0
11,2013-12-31,0,0,0.0,0.0,0.0,,-0.24833603191012787,0.0
11,2014-01-31,0,0,0.0,0.0,0.0,,-0.24833603191012787,0.0
11,2014-02-28,0,0,0.0,0.0,0.0,,-0.24833603191012787,0.0
11,2014-03-31,0,0,0.0,0.0,0.0,,-0.24833603191012787,0.0
11,2014-04-30,0,0,0.0,0.0,0.0,,-0.24833603191012787,0.0
11,2014-05-31,0,0,0.0,0.0,0.0,,-0.24833603191012787,0.0
11,2014-06-30,0,0,0.0,0.0,0.0,,-0.24833603191012787,0.0
11,2014-07-31,0,0,0.0,0.0,0.0,,-0.24833603191012787,0.0
11,2014-08-31,0,0,0.0,0.0,0.0,,-0.24833603191012787,0.0
11,2014-09-30,0,0,0.0,0.0,0.0,,-0.24833603191012787,0.0
11,2014-10-31,0,0,0.0,0.0,0.0,,-0.24833603191012787,0.0
11,2014-11-30,0,0,0.0,0.0,0.0,,-0.24833603191012787,0.0
11,2014-12-31,0,0,0.0,0.0,0.0,,-0.24833603191012787,0.0
11,2015-01-31,175,31506,8872.0,8.0,9738.0,inf,-0.1259675524181808,0.02077922077922078
11,2015-02-28,8325,3316979,257024.84999999998,385.0,284786.53,inf,5.640647043639825,1.0
11,2015-03-31,200,59837,11342.800000000001,8.0,11342.800000000001,inf,-0.1259675524181808,0.02077922077922078
11,2015-04-30,300,91797,35151.63,12.0,35151.63,inf,-0.06478331267220726,0.03116883116883117
11,2015-05-31,300,166728,4665.810000000001,12.0,4665.810000000001,inf,-0.06478331267220726,0.03116883116883117
11,2015-06-30,425,156041,10389.260000000002,17.0,10389.260000000002,inf,0.01169698701025966,0.04415584415584416
11,2015-07-31,1350,511655,55990.41999999999,69.0,64970.41999999999,inf,0.8070921037079156,0.17922077922077922
11,2015-08-31,450,138105,42064.69,18.0,42064.69,inf,0.026993046946753044,0.046753246753246755
11,2015-09-30,275,117083,8961.0,12.0,9525.0,inf,-0.06478331267220726,0.03116883116883117
11,2015-10-31,250,116634,7978.0,11.0,8844.0,inf,-0.08007937260870066,0.02857142857142857
12,2013-01-31,1425,7940298,1092407.27532467,1063.0,1213445.9499999827,,-1.0959644196197131,0.017777777777777778
12,2013-02-28,2302,7156939,972859.3928571391,1104.0,1255454.650000048,,-1.0539325498896075,0.029166666666666667
12,2013-03-31,3211,8042362,1232635.0634615088,1507.0,2137747.299999942,,-0.6407900254693008,0.1411111111111111
12,2013-04-30,3542,8183841,1028400.995833325,1248.0,1352691.1499999848,,-0.9063084220570412,0.06916666666666667
12,2013-05-31,4398,7432194,1136648.439682584,1396.0,2006702.450000523,,-0.7545836240069038,0.11027777777777778
12,2013-06-30,4931,7557931,1146493.2198052013,1352.0,1944217.200000127,,-0.7996909964001879,0.09805555555555556
12,2013-07-31,4117,6587730,816462.5999999999,1152.0,1158175.000000001,,-1.004724507278752,0.0425
12,2013-08-31,5937,7641588,937470.047619043,1501.0,1558878.8499999838,,-0.6469410307956576,0.13944444444444445
12,2013-09-30,6445,7402797,1247625.9681319315,1855.0,3460482.3499999163,,-0.2840317165405991,0.23777777777777778
12,2013-10-31,9019,9413413,1363768.595811503,1748.0,2367197.950000577,,-0.3937246448606309,0.20805555555555555
12,2013-11-30,9907,11323424,1560495.8382190398,3077.0,5308798.290001263,,0.9687230349274278,0.5772222222222222
12,2013-12-31,12980,11382201,2536994.723038458,2198.0,8535232.54999802,,0.0676007546161384,0.33305555555555555
12,2014-01-31,14055,9935504,1582921.0197862922,1759.0,2524247.240000236,1.080230470916543,-0.38244780176230986,0.2111111111111111
12,2014-02-28,13707,8957731,1477074.2288601622,2329.0,4797954.399999569,2.821686749098731,0.20189770424159792,0.36944444444444446
12,2014-03-31,15908,9618334,1740804.0054108198,2269.0,4345352.949999362,1.0326784882382871,0.1403876509780287,0.3527777777777778
12,2014-04-30,13822,8871232,1185497.446571638,1629.0,2600320.1999998107,0.9223310509570791,-0.5157195838333766,0.175
12,2014-05-31,16960,10238374,1503715.2936376347,2476.0,5074996.800001311,1.5290230746466618,0.35259733473734256,0.4102777777777778
12,2014-06-30,12367,7800060,853914.7637035449,999.0,1486290.5799999698,-0.2355326452209801,-1.1615751431008536,0.0
12,2014-07-31,15841,10295070,1028729.397568373,1526.0,1760429.2000000859,0.5200027629676728,-0.6213118419358371,0.1463888888888889
12,2014-08-31,18377,10357026,1405173.182179278,1489.0,1937591.599999899,0.24293918029609496,-0.6592430414483714,0.1361111111111111
12,2014-09-30,16895,8826784,1433687.890019504,2925.0,5613297.99999861,0.6221143275008311,0.812897566659719,0.535
12,2014-10-31,22880,11516229,1769389.2253246717,1755.0,2333717.6500000115,-0.014143430633064476,-0.3865484719798812,0.21
12,2014-11-30,24124,11421425,2137296.5375211635,3645.0,5813189.2999995435,0.09501039264352246,1.55101820582255,0.735
12,2014-12-31,39268,18997111,3296498.175111703,3460.0,4660779.599999812,-0.4539364249658443,1.3613622082598782,0.6836111111111111
12,2015-01-31,33317,13939607,2162653.8777926797,2982.0,3470491.999999971,0.3748621549447141,0.8713321172601098,0.5508333333333333
12,2015-02-28,28090,11638589,1430234.4798181476,1642.0,2613090.0000000824,-0.45537414861626924,-0.5023924056262699,0.1786111111111111
12,2015-03-31,25594,10536132,1528042.2123831408,1811.0,3109611.9999994347,-0.2843821811989079,-0.3291390889338832,0.22555555555555556
12,2015-04-30,28347,10692663,1695870.0686602374,3157.0,5495803.999997692,1.1135104822852555,1.0507364392788534,0.5994444444444444
12,2015-05-31,26119,9668607,1484573.822301698,4137.0,6454450.0499993535,0.2718136196652747,2.055400642583818,0.8716666666666667
12,2015-06-30,29107,10593535,1178633.8545526247,1709.0,1955883.9999999304,0.31594994028689205,-0.4337061794819509,0.19722222222222222
12,2015-07-31,28276,10260715,1169133.894594783,1308.0,1438126.9999999823,-0.18308160305457774,-0.844798368793472,0.08583333333333333
12,2015-08-31,32636,10166400,1502383.3726190499,1462.0,1951002.0000000075,0.006921169559214183,-0.6869225654169776,0.12861111111111112
12,2015-09-30,31703,10622179,1760935.8004431922,4599.0,7265192.0000036685,0.2942822561719453,2.529028052713301,1.0
12,2015-10-31,32827,11124079,1371811.3304457192,4221.0,1863313.6000000308,-0.20156853593663243,2.141514717152815,0.895
13,2013-01-31,2020,12358034,206239.0,1079.0,224252.0,,1.024835883237202,0.7951363301400147
13,2013-02-28,2385,10332176,230901.0,962.0,247150.0,,0.7839331388350517,0.7089167280766396
13,2013-03-31,3360,12891876,264676.0,1156.0,286017.0,,1.1833787150232324,0.8518791451731761
13,2013-04-30,3409,11625405,227565.0,995.0,241097.0,,0.8518800667433505,0.7332350773765659
13,2013-05-31,4867,13179108,235912.0,1134.0,267404.0,,1.1380807630843668,0.8356669123065585
13,2013-06-30,5703,14806162,276554.0,1264.0,303965.0,,1.4057504790867559,0.9314664701547531
13,2013-07-31,6337,14196665,280417.0,1229.0,295329.0,,1.3336855555476512,0.9056742815033162
13,2013-08-31,5988,11772278,257390.0,1046.0,270652.0,,0.9568889553289032,0.7708179808400885
13,2013-09-30,7432,13219238,410954.0,1325.0,604245.0,,1.5313493458263385,0.976418570375829
13,2013-10-31,6840,11363627,259218.0,999.0,282297.0,,0.8601160580049625,0.7361827560795873
13,2013-11-30,6995,11108801,263034.0,983.0,418387.0,,0.8271720929585146,0.7243920412675019
13,2013-12-31,10954,15183616,413890.0,1357.0,437316.0,,1.5972372759192344,1.0
13,2014-01-31,9721,9416575,220047.99,812.0,229718.54,0.02437677255944209,0.4750834665246026,0.5983787767133383
13,2014-02-28,8419,7478065,247586.85,672.0,258002.41,0.04391021646773216,0.18682377236818346,0.4952100221075903
13,2014-03-31,9923,8882908,262070.11,780.0,279983.66000000003,-0.021094340546191196,0.4091955364317068,0.5747973470891673
13,2014-04-30,9925,8091365,273427.45,726.0,286053.45,0.18646623558152947,0.29800965439994515,0.5350036845983788
13,2014-05-31,9088,7300036,198904.54,701.0,233484.37,-0.12684787811700649,0.2465347090148703,0.5165806927044952
13,2014-06-30,11498,8652049,240634.7,770.0,251504.53,-0.1725872057638215,0.38860555827767684,0.5674281503316139
13,2014-07-31,10909,7506751,219321.41999999998,687.0,234618.00999999998,-0.20557070250466436,0.21770873959922837,0.5062638172439204
13,2014-08-31,3608,2882156,91468.02,264.0,95177.85,-0.6483386415027415,-0.6532473363162381,0.19454679439941047
13,2014-09-30,2791,2104565,55607.19,195.0,56989.85,-0.9056842009449809,-0.7953181855790447,0.14369933677229182
13,2014-10-31,2848,2412427,64830.08,207.0,65169.740000000005,-0.7691447659734252,-0.7706102117942087,0.15254237288135594
13,2014-11-30,3035,2497653,78450.55,223.0,79552.55,-0.8098589344315191,-0.7376662467477608,0.1643330876934414
13,2014-12-31,2678,2109447,54502.57999999999,197.0,57807.219999999994,-0.8678136176128932,-0.7912001899482387,0.1451731761238025
13,2015-01-31,0,0,0.0,0.0,0.0,-1.0,-1.1968227595826286,0.0
13,2015-02-28,0,0,0.0,0.0,0.0,-1.0,-1.1968227595826286,0.0
13,2015-03-31,0,0,0.0,0.0,0.0,-1.0,-1.1968227595826286,0.0
13,2015-04-30,0,0,0.0,0.0,0.0,-1.0,-1.1968227595826286,0.0
13,2015-05-31,0,0,0.0,0.0,0.0,-1.0,-1.1968227595826286,0.0
13,2015-06-30,0,0,0.0,0.0,0.0,-1.0,-1.1968227595826286,0.0
13,2015-07-31,0,0,0.0,0.0,0.0,-1.0,-1.1968227595826286,0.0
13,2015-08-31,0,0,0.0,0.0,0.0,-1.0,-1.1968227595826286,0.0
13,2015-09-30,0,0,0.0,0.0,0.0,-1.0,-1.1968227595826286,0.0
13,2015-10-31,0,0,0.0,0.0,0.0,-1.0,-1.1968227595826286,0.0
14,2013-01-31,2626,11914579,961931.273333334,1447.0,1066033.0000000019,,0.2780152730460727,0.453444360333081
14,2013-02-28,3984,14013352,1111017.6703030234,1971.0,1367289.49999991,,1.7271434487595991,0.8501135503406511
14,2013-03-31,4930,15264796,1142684.336666666,1928.0,1340946.9999999981,,1.6082264419739472,0.817562452687358
14,2013-04-30,4420,10901856,830348.458333333,1308.0,912034.999999998,,-0.10639086516801155,0.34822104466313397
14,2013-05-31,5475,11809355,806912.288888887,1539.0,1022328.9999999411,,0.5324423573316537,0.5230885692657078
14,2013-06-30,6769,12442491,965005.1124637601,1782.0,1346439.99999987,,1.204461721259873,0.7070401211203634
14,2013-07-31,8385,14485891,996474.4,1829.0,1135026.0,,1.3344407751883762,0.7426192278576835
14,2013-08-31,9538,14074676,995541.179166668,1984.0,1207399.000000008,,1.7630951019738659,0.8599545798637396
14,2013-09-30,5166,7508073,679661.89393939,1089.0,949161.0,,-0.7120379462391228,0.18243754731264195
14,2013-10-31,8395,10161350,1025164.9071428601,1521.0,1347114.00000002,,0.48266314518882264,0.5094625283875852
14,2013-11-30,8719,9387103,892336.96402453,1514.0,1884485.0000000498,,0.4633045626888328,0.5041635124905375
14,2013-12-31,15748,15008142,1808828.233333333,2169.0,2590272.999999999,,2.2747147823307405,1.0
14,2014-01-31,13817,8672612,948285.2081149729,1264.0,1097406.9999999949,0.02943060862092727,-0.22807338373937636,0.31491294473883424
14,2014-02-28,15129,8693660,1093610.656,1388.0,1563962.999999993,0.14384188571629936,0.11485007768901537,0.408781226343679
14,2014-03-31,15620,8429446,1259003.8178467932,1265.0,1603482.000000095,0.19578327853382513,-0.22530787195366353,0.315669947009841
14,2014-04-30,14472,8037059,983147.215079365,1192.0,1322229.999999998,0.44975795885026426,-0.4271902323107006,0.2604087812263437
14,2014-05-31,16596,8887219,1089383.4058974332,1448.0,1553732.999999988,0.5197974428976165,0.2807807848317856,0.45420136260408783
14,2014-06-30,16208,8283588,980797.45833333,1230.0,1112326.999999981,-0.1738755533108878,-0.3221007844536128,0.2891748675246026
14,2014-07-31,17120,8713137,945503.5,1228.0,1354589.0,0.19344314579577912,-0.3276318080250385,0.28766086298258897
14,2014-08-31,19504,9649201,1146984.323809533,1352.0,1405604.000000069,0.1641586584054316,0.015291653403353258,0.38152914458743376
14,2014-09-30,17124,8146995,1093364.1276190402,1130.0,1432998.99999996,0.5097533505906373,-0.5986519630248964,0.21347464042392128
14,2014-10-31,17440,8231148,979624.68333333,981.0,1082296.99999999,-0.19658098720674427,-1.010713219096109,0.10068130204390613
14,2014-11-30,22745,10103102,1487645.028700127,1607.0,2399452.9999999013,0.27326723216148596,0.7204971587601265,0.5745647236941711
14,2014-12-31,33178,14296421,2020665.1450216481,1849.0,2287762.0000000237,-0.11678730388649206,1.389751010902633,0.7577592732778198
14,2015-01-31,20050,7411222,850874.2066666599,889.0,957336.99999998,-0.12763723941984656,-1.2651403033816901,0.031037093111279335
14,2015-02-28,22207,8085170,1073033.249555557,1006.0,1236444.000000031,-0.20941607953638514,-0.9415754244532882,0.11960635881907646
14,2015-03-31,21457,7355317,997718.163333327,910.0,1153993.999999981,-0.28031995370081325,-1.2070645558817206,0.046934140802422405
14,2015-04-30,19883,6699276,899745.1231570118,1182.0,1435860.000000121,0.08593814994374908,-0.45484535016782895,0.2528387585162756
14,2015-05-31,20600,6567525,919161.441666667,1028.0,1587555.000000001,0.02176821886386741,-0.8807341651676057,0.13626040878122633
14,2015-06-30,20273,6612311,807219.6179487129,874.0,941613.9999999391,-0.15347375367139765,-1.3066229801673825,0.01968205904617714
14,2015-07-31,25660,8751093,873544.3833333331,984.0,997477.999999999,-0.26363051818669797,-1.0024166837389705,0.10295230885692658
14,2015-08-31,27925,8601963,912025.073333327,1059.0,1004372.999999971,-0.28545095204629345,-0.7950032998105079,0.15972747918243754
14,2015-09-30,21120,6504765,909189.651960783,848.0,1223070.000000029,-0.1464962641285421,-1.3785262865959163,0.0
14,2015-10-31,26630,8890557,1049784.940098039,985.0,1269674.000000001,0.1731290024826944,-0.9996511719532577,0.10370931112793338
15,2013-01-31,4650,19191095,1531818.371,2353.0,1769615.0,,0.4358010737094625,0.40234251345362454
15,2013-02-28,5786,21554499,1644454.188611113,2756.0,2004443.0000000189,,1.0464930671607877,0.5299145299145299
15,2013-03-31,7456,22067133,1600592.980571095,2751.0,1991380.999999964,,1.0389162434206967,0.5283317505539727
15,2013-04-30,7228,17849140,1187130.885476193,2093.0,1363632.000000019,,0.04180623922473663,0.3200379867046534
15,2013-05-31,8464,17905631,1294305.855128207,2230.0,1585802.0000000258,,0.2494112097032268,0.36340614118391895
15,2013-06-30,10802,21089312,1532883.3080180099,2539.0,1966670.99999993,,0.7176589168408434,0.46122190566635013
15,2013-07-31,14444,25918431,1600562.198333337,2856.0,1791372.000000011,,1.1980295419626052,0.5615701171256727
15,2013-08-31,15003,22941506,1614446.8875,2748.0,1803807.5,,1.0343701491766422,0.5273820829376384
15,2013-09-30,14830,21145825,1609397.752355627,2758.0,2453828.000000001,,1.049523796656824,0.5305476416587528
15,2013-10-31,15907,19702408,1564248.2090952431,2531.0,1983844.600000033,,0.7055359988566979,0.4586894586894587
15,2013-11-30,16414,19561605,1614414.087402578,2422.0,2642740.9999993104,,0.5403612413227167,0.4241848686293131
15,2013-12-31,30297,30059326,2869178.781666669,4241.0,3634622.000000024,,3.2968097179677796,1.0
15,2014-01-31,26076,17996471,1648977.6433333298,2171.0,1900398.99999999,0.07390534099224406,0.1600046895701544,0.34472934472934474
15,2014-02-28,27180,17964201,1588070.1674999986,2201.0,1843385.999999992,-0.08035000246952657,0.2054656320106997,0.35422602089268757
15,2014-03-31,25652,15435671,1593388.8178205169,1972.0,1925782.0000000512,-0.03294146122711519,-0.14155289528546272,0.2817347261791706
15,2014-04-30,22830,14091057,1309706.038917749,1761.0,1653457.000000013,0.21253901345816897,-0.46129485711729795,0.21494143716365938
15,2014-05-31,24513,13815082,1305685.709242422,1849.0,1804103.999999974,0.13766031320426164,-0.3279427592916984,0.24279835390946503
15,2014-06-30,28567,16048916,1633931.053333333,1909.0,1982215.999999999,0.007904219872093351,-0.23702087441060785,0.26179170623615067
15,2014-07-31,28906,15993626,1496854.7260256398,1868.0,1730867.3,-0.033775620027560176,-0.2991508290793531,0.24881291547958215
15,2014-08-31,34040,17518480,1838979.1678571529,2172.0,2116476.0000000307,0.17333806406727478,0.16152005431817257,0.3450459006014562
15,2014-09-30,28215,14177902,1668065.086666667,2112.0,2391220.500000001,-0.025514216970382593,0.07059816943708198,0.3260525482747705
15,2014-10-31,27048,12842182,1629524.93619047,1643.0,1889002.99999997,-0.04780697036454437,-0.6401078973834428,0.17758784425451093
15,2014-11-30,34489,16375957,2143150.301086964,2290.0,3016962.0000001723,0.14160335802901594,0.3403330945843174,0.38239949351060465
15,2014-12-31,51667,22460279,3398576.95333333,2858.0,3975376.9999999898,0.09375252777316685,1.2010602714586416,0.5622032288698955
15,2015-01-31,32312,12328004,1629551.7149999999,1405.0,1782934.0,-0.06181070396268921,-1.0007647074117687,0.10224754669199114
15,2015-02-28,31334,11287675,1438525.3644588809,1421.0,1702557.000000087,-0.07639691307187188,-0.9765188714434779,0.10731244064577398
15,2015-03-31,30498,11049109,1358109.5,1380.0,1555433.0,-0.1923109677004154,-1.038648826112223,0.09433364988920545
15,2015-04-30,30106,10694993,1302361.367206027,1456.0,1878136.999999971,0.13588499731166645,-0.9234811052628418,0.11839189616967395
15,2015-05-31,29566,10254977,1385675.7041666629,1281.0,1879782.999999989,0.04194824688599783,-1.1886699361660227,0.0629946185501741
15,2015-06-30,31487,10578914,1435323.51,1218.0,1659678.0,-0.16271586951169761,-1.2841379152911678,0.043051598607154164
15,2015-07-31,33107,11318888,1189004.17,1318.0,1279701.0,-0.2606590926987875,-1.13260144048935,0.07470718581829693
15,2015-08-31,36284,11952882,1184266.426666663,1357.0,1354982.999999959,-0.35979288213051347,-1.0735022153166411,0.0870528648306426
15,2015-09-30,27803,8906916,1266893.37777778,1082.0,1572827.00000003,-0.3422492823225506,-1.4902275210216398,0.0
15,2015-10-31,34230,10842023,1610633.885000003,1222.0,1862065.500000006,-0.014260167929836183,-1.2780764562990952,0.044317822095599875
16,2013-01-31,3788,21383580,1436744.776666667,2274.0,1540688.000000001,,0.7318306795284885,0.5852798589687087
16,2013-02-28,4998,23662336,1544054.708333326,2676.0,1749184.999999948,,1.340413164792262,0.7624504186866461
16,2013-03-31,8108,27324674,1785499.173333333,3019.0,2041992.499999999,,1.8596763300795114,0.9136183340678713
16,2013-04-30,7574,20751492,1216351.858333333,2238.0,1381649.999999999,,0.6773307554750163,0.5694138386954606
16,2013-05-31,8184,19676398,1185779.450000003,2208.0,1303301.000000039,,0.6319141520971228,0.5561921551344204
16,2013-06-30,11980,25994546,1572127.08928571,2889.0,1821719.49999988,,1.662871048775306,0.8563243719700309
16,2013-07-31,15547,29750948,1720375.538888889,3176.0,1892123.000000001,,2.0973565544238206,0.9828118113706479
16,2013-08-31,12305,20514391,1249322.232,2263.0,1325757.99,,0.7151779249565942,0.5804319083296606
16,2013-09-30,11441,18149864,1346556.3404312162,2422.0,2026847.9999996286,,0.95588592285943,0.6505068312031732
16,2013-10-31,10827,15986159,1338245.7166666698,1946.0,1615124.00000001,,0.23527581593018584,0.4407227853680035
16,2013-11-30,12354,15001202,1204916.095134622,1845.0,1880462.000001022,,0.08237325122461095,0.3962097840458352
16,2013-12-31,24167,26565212,2658055.956666667,3215.0,3215659.000000001,,2.1563981388150824,1.0
16,2014-01-31,17715,11832521,1227947.213333333,1450.0,1345382.9999999981,-0.126764795987249,-0.5156120265843206,0.22212428382547378
16,2014-02-28,22577,14834533,1501867.561111118,1845.0,1754656.000000021,0.003127742348621237,0.08237325122461095,0.3962097840458352
16,2014-03-31,19630,12429927,1421890.9753968539,1564.0,1733496.0000000559,-0.15107621599978616,-0.34302893374832516,0.2723666813574262
16,2014-04-30,17137,10744169,1113452.850146516,1303.0,1283479.999999972,-0.0710527268121645,-0.7381533831359989,0.15733803437637725
16,2014-05-31,21150,12077448,1336266.293333333,1549.0,1695707.999999998,0.30108700906386704,-0.36573723543727193,0.2657558395769061
16,2014-06-30,23737,13783642,1340395.23333333,1573.0,1495332.99999998,-0.17916397118212854,-0.3294039527349571,0.27633318642573823
16,2014-07-31,22551,12413807,1207578.946666671,1480.0,1408278.300000013,-0.25571524684176855,-0.47019542320642704,0.2353459673865139
16,2014-08-31,27099,14010010,1441623.5716666689,1696.0,1672078.000000006,0.26122415449293734,-0.14319587888559362,0.33054208902600263
16,2014-09-30,22672,11502860,1458499.83666667,1518.0,1860009.00000001,-0.08231451001735167,-0.4126677255944286,0.25209343323049804
16,2014-10-31,22268,10871345,1253146.966666663,1297.0,1361145.999999989,-0.15724984583228246,-0.7472367038115776,0.15469369766416924
16,2014-11-30,27554,13025217,1744168.4600387572,1720.0,2271095.999999871,0.20773299327433198,-0.10686259618327879,0.34111943587483473
16,2014-12-31,46788,20055625,3092388.7800000072,2536.0,3560553.000000021,0.10725453165277161,1.1284690156954253,0.7007492287351256
16,2015-01-31,24358,9343644,1187107.166666667,1058.0,1236794.000000001,-0.0807123324733532,-1.1090556440554629,0.0493609519612164
16,2015-02-28,29574,11149266,1293167.07277778,1308.0,1477804.00000002,-0.1577813542939457,-0.7305839492396833,0.15954164830321726
16,2015-03-31,25792,9388515,1188801.500000003,1100.0,1357662.000000009,-0.21680696119289267,-1.045472399326412,0.06787130894667254
16,2015-04-30,24668,8683001,1110548.8038630201,1145.0,1490523.33999978,0.16131403683720238,-0.9773474942595716,0.0877038342882327
16,2015-05-31,28057,9873291,1159032.59923077,1219.0,1500022.00000001,-0.11540076475430212,-0.8653198725941008,0.12031732040546496
16,2015-06-30,26951,8700665,976039.241666663,1046.0,1096119.999999989,-0.266972640876645,-1.1272222854066203,0.044072278536800354
16,2015-07-31,30658,10612699,1113475.95333333,1174.0,1191849.99999999,-0.15368290486335057,-0.9334447776609411,0.1004847950639048
16,2015-08-31,32077,9798255,1133663.256666667,1180.0,1217406.000000001,-0.2719203290755596,-0.9243614569853624,0.10312913177611283
16,2015-09-30,23344,7476124,1110143.45666667,946.0,1405383.00000002,-0.2444213979609709,-1.278610963332932,0.0
16,2015-10-31,28149,8662124,1229064.241666667,1002.0,1340308.000000001,-0.015309158606048354,-1.1938333036941975,0.0246804759806082
17,2013-01-31,2176,2636938,221121.075,281.0,242726.0,,-0.806248350272543,0.13655030800821355
17,2013-02-28,2204,2537641,289655.875,283.0,316049.0,,-0.8028699371705876,0.1375770020533881
17,2013-03-31,1966,2214568,209282.765,256.0,231824.0,,-0.8484785140469862,0.12371663244353183
17,2013-04-30,1901,2120373,204803.0,243.0,250907.0,,-0.8704381992096966,0.11704312114989733
17,2013-05-31,2147,2430597,237562.5,284.0,263783.0,,-0.8011807306196099,0.13809034907597537
17,2013-06-30,4820,8853781,580546.89444444,910.0,665348.99999996,,0.25626257029244387,0.45944558521560575
17,2013-07-31,6254,9643686,627012.8,1005.0,667803.0,,0.4167371926353274,0.5082135523613963
17,2013-08-31,7751,10337318,764185.29333333,1139.0,822005.99999999,,0.6430908704663422,0.5770020533880903
17,2013-09-30,8715,10748809,940118.379661837,1283.0,1219582.999999981,,0.886336613807134,0.6509240246406571
17,2013-10-31,8678,10404354,826310.84285714,1118.0,996772.99999998,,0.60761753289581,0.5662217659137577
17,2013-11-30,9184,9024848,1038947.3333333,1130.0,1705723.9999992,,0.6278880115075426,0.5723819301848049
17,2013-12-31,17873,17115605,1805821.4833333,1963.0,2241122.9999999,,2.0349970684719847,1.0
17,2014-01-31,16279,11694574,1164918.25,1243.0,1179252.0,3.8583670476174783,0.8187683517680252,0.6303901437371663
17,2014-02-28,17707,11970487,1372053.676666667,1376.0,1621068.000000001,4.12916667985028,1.043432823048062,0.6986652977412731
17,2014-03-31,18159,11859102,1285848.58827839,1374.0,1594265.30000003,5.877050262268057,1.0400544099461067,0.6976386036960985
17,2014-04-30,18121,12036042,1064107.55,1297.0,1200815.0,3.7858967665310255,0.9099855055208221,0.6581108829568788
17,2014-05-31,17691,10562225,1065539.21382353,1339.0,1291744.00000001,3.8969948783659674,0.9809321806618865,0.6796714579055442
17,2014-06-30,14841,8467203,917824.753333333,939.0,988084.9999999991,0.4850627264789735,0.30524956027079775,0.47433264887063653
17,2014-07-31,20397,11190780,1009676.2600000001,1268.0,1110137.0,0.6623719869482467,0.8609985155424682,0.643223819301848
17,2014-08-31,20442,10528802,1273907.4190476239,1222.0,1360476.0000000321,0.6550682111809996,0.783295014197493,0.6196098562628337
17,2014-09-30,19928,10393172,1203878.833333333,1211.0,1374488.999999999,0.12701554547744645,0.764713742136738,0.6139630390143738
17,2014-10-31,16864,8456958,996193.673809517,929.0,1162596.999999979,0.1663608464515014,0.28835749476102057,0.46919917864476385
17,2014-11-30,22371,10755655,1454553.514898997,1325.0,1944961.000000121,0.14025539888108116,0.9572832889481984,0.6724845995893224
17,2014-12-31,34105,15140136,2160988.215,1731.0,2418777.0,0.07927008022322204,1.6431011486451534,0.8809034907597536
17,2015-01-31,5208,2040912,309756.0,231.0,389796.0,-0.6694548747850332,-0.8907086778214292,0.11088295687885011
17,2015-02-28,1488,717566,51368.0,68.0,58238.0,-0.9640743016332443,-1.1660493456307979,0.027207392197125257
17,2015-03-31,1776,653029,120391.0,75.0,123390.0,-0.922603847678302,-1.1542248997739537,0.030800821355236138
17,2015-04-30,1056,478941,45425.0,48.0,49621.0,-0.9586772317134613,-1.1998334766503522,0.016940451745379878
17,2015-05-31,1032,398102,37798.0,43.0,38598.0,-0.9701194663958186,-1.2082795094052408,0.014373716632443531
17,2015-06-30,1008,441758,39390.600000000006,47.0,49936.00000000001,-0.9494618377973555,-1.20152268320133,0.01642710472279261
17,2015-07-31,792,337264,24199.0,34.0,26198.0,-0.9764011108538856,-1.2234823683640403,0.009753593429158111
17,2015-08-31,696,297090,30946.0,29.0,30946.0,-0.9772535494929722,-1.2319284011189289,0.007186858316221766
17,2015-09-30,984,377426,31568.0,43.0,33466.0,-0.9756520423226377,-1.2082795094052408,0.014373716632443531
17,2015-10-31,528,230442,22637.33333333,15.0,23658.999999990003,-0.9796498700753654,-1.255577292832617,0.0
18,2013-01-31,4834,19767137,2126578.923333337,2469.0,2434895.000000011,,0.7614062387838125,0.5440962099125365
18,2013-02-28,5608,23853998,2453671.619305566,3331.0,3090081.0000000303,,1.9171001662930556,0.8582361516034985
18,2013-03-31,7428,24801087,2456761.1747294352,3365.0,3202566.6999999913,,1.9626843815312394,0.8706268221574344
18,2013-04-30,7477,19339415,1928079.1,2339.0,2239575.0000000102,,0.5871136511084046,0.4967201166180758
18,2013-05-31,9138,20456996,2068241.211666664,2649.0,2486795.000000012,,1.002734437103608,0.6096938775510204
18,2013-06-30,11381,20686731,2109755.310758969,2937.0,2928091.9999998733,,1.3888595544152809,0.7146501457725948
18,2013-07-31,13034,21722818,2166887.238809531,2814.0,2563231.000000074,,1.2239519522300875,0.6698250728862973
18,2013-08-31,12141,18372591,1870698.27166667,2463.0,2218010.0,,0.753361965506486,0.5419096209912536
18,2013-09-30,12640,17173823,2229669.87579028,2852.0,3851581.9999999497,,1.274899016319822,0.6836734693877551
18,2013-10-31,13005,16010088,1877561.027857143,2307.0,2592562.999999959,,0.5442108602959965,0.48505830903790087
18,2013-11-30,13389,15024264,1955896.392047578,2334.0,4148824.00000387,,0.5804100900439659,0.49489795918367346
18,2013-12-31,25779,24236671,3869773.985714253,3720.0,6031341.999999902,,2.4386372171063915,1.0
18,2014-01-31,20767,12138034,2040129.1706666658,1734.0,2363211.9999999953,-0.029439873177289164,-0.22401723768868592,0.2762390670553936
18,2014-02-28,20767,12178064,2000022.023976187,1786.0,2696329.9999999893,-0.12742416784545038,-0.15430020261852276,0.29518950437317787
18,2014-03-31,20229,11885718,1783765.576120541,1749.0,2599531.999999949,-0.188297311653195,-0.20390655449536962,0.2817055393586006
18,2014-04-30,18410,11042113,1434392.324599458,1527.0,1894855.9999999788,-0.15392161459206763,-0.5015446657564508,0.20080174927113703
18,2014-05-31,21137,12025275,1485270.925207374,1667.0,2241338.999999966,-0.09870375322455004,-0.3138449559521654,0.25182215743440234
18,2014-06-30,18921,9814715,1474358.25,1235.0,1700520.0,-0.41923955941272556,-0.8930326319196746,0.09438775510204081
18,2014-07-31,21553,10876212,1504232.796666667,1402.0,1761702.000000001,-0.3127026007410374,-0.6691336923674199,0.1552478134110787
18,2014-08-31,24581,12279765,1656584.879999999,1590.0,1965868.999999997,-0.11367892840880024,-0.41707979634452236,0.22376093294460642
18,2014-09-30,22888,11035725,1780343.816269846,1445.0,2276412.0000000224,-0.4089670166700197,-0.6114830672132465,0.17091836734693877
18,2014-10-31,17962,8404446,1362535.36666666,1074.0,1562394.9999999797,-0.3973550498097811,-1.108887298194603,0.03571428571428571
18,2014-11-30,22446,9344417,1899994.683585868,1494.0,2979942.0000001173,-0.28173815037771244,-0.5457881687817466,0.18877551020408162
18,2014-12-31,37905,15779249,2869208.742619043,2064.0,3605423.9999999693,-0.40221861071714593,0.21841779256427257,0.3965014577259475
18,2015-01-31,26268,9824606,1329151.5,1149.0,1434507.0,-0.3929842096265579,-1.0083338822280214,0.0630466472303207
18,2015-02-28,30349,10969768,1616687.494696973,1335.0,1943612.2900000392,-0.2791637930075151,-0.7589614106308994,0.13083090379008747
18,2015-03-31,30369,10590790,1332359.34333333,1278.0,1629445.99999999,-0.37317717189093186,-0.8353820067655013,0.11005830903790087
18,2015-04-30,28546,9363259,1423277.888658163,1498.0,2295287.000000259,0.21132529332059247,-0.5404253199301956,0.1902332361516035
18,2015-05-31,28869,9342483,1389635.01190476,1418.0,2176766.00000004,-0.028810010444616785,-0.6476822969612159,0.16107871720116618
18,2015-06-30,27836,9105863,1130072.360086582,1145.0,1399477.0000000221,-0.17702996730410572,-1.0136967310795724,0.06158892128279883
18,2015-07-31,26076,8195328,1101059.05,976.0,1190932.0,-0.32398782540974613,-1.2402770950576028,0.0
18,2015-08-31,32955,9523902,1195527.1733333298,1217.0,1440884.99999996,-0.26704933034705663,-0.9171654517516542,0.08782798833819241
18,2015-09-30,29412,8976840,1387261.9415873,1151.0,1872957.99999998,-0.17723241662758693,-1.0056524578022459,0.06377551020408163
18,2015-10-31,30308,8972343,1333301.96428571,1123.0,1617450.99999997,0.035238208007572304,-1.043192399763103,0.05357142857142857
19,2013-01-31,4830,22263573,1512466.7350000008,2508.0,1634702.550000003,,0.6079918441395264,0.48507731032002877
19,2013-02-28,6384,24937769,1694852.435119044,3022.0,2003060.999999976,,1.4375722211056703,0.6699029126213593
19,2013-03-31,7520,25377601,1621683.922849931,2886.0,1897115.500000012,,1.2180723548266905,0.6209996404171162
19,2013-04-30,7943,20567103,1346089.2366666668,2279.0,1515537.000000001,,0.23839280459624448,0.4027328299172959
19,2013-05-31,9009,20000511,1295486.81904762,2360.0,1521413.0000000042,,0.3691243426006368,0.431859043509529
19,2013-06-30,11162,21196330,1531990.64285714,2520.0,1905929.99999998,,0.6273594793994364,0.4893923049262855
19,2013-07-31,13510,25332876,1516202.7800000003,2711.0,1647487.0,,0.9356276739530034,0.5580726357425386
19,2013-08-31,14971,23663605,1544297.565,2764.0,1703304.49,,1.0211680630176059,0.5771305285868392
19,2013-09-30,15877,22805091,1719725.2738095128,2929.0,2593696.999999809,,1.2874730478413678,0.6364617044228694
19,2013-10-31,16295,21969963,1583297.86733211,2542.0,1921897.499999992,,0.6628668107092713,0.49730312837108953
19,2013-11-30,16473,19795539,1480849.495238096,2291.0,2315224.0000000084,,0.25776043985615443,0.4070478245235527
19,2013-12-31,31414,32332329,2899363.059523809,3940.0,3695109.499999999,,2.919196318488783,1.0
19,2014-01-31,26930,18538561,1637738.583333367,2130.0,1897833.000000101,0.16096533892364545,-0.002088666547637652,0.3491549802229414
19,2014-02-28,26777,17056488,1533690.882222222,2129.0,1759712.000000002,-0.12148856175622053,-0.0037026361526301494,0.34879539733908665
19,2014-03-31,25882,16788053,1623310.989047623,2004.0,1949464.4000000318,0.027593944596425134,-0.20544883677669235,0.3038475368572456
19,2014-04-30,25235,15468680,1441232.364011332,1915.0,1751779.0000000817,0.1558800609949349,-0.34909213162102465,0.27184466019417475
19,2014-05-31,27260,15827023,1333039.25666667,1937.0,1659977.73000003,0.0910763415325263,-0.3135848003111897,0.2797554836389788
19,2014-06-30,31403,18441662,1585969.6224595436,2136.0,1870100.9999999898,-0.018798696699244253,0.007595151082317333,0.35131247752606976
19,2014-07-31,29896,16300247,1472256.251190477,1874.0,1691321.9999999912,0.026607190223650417,-0.41526488542571705,0.2571017619561309
19,2014-08-31,33842,17986226,1560399.8783333371,2119.0,1790400.000000012,0.05113325920958038,-0.019842332202555126,0.3451995685005394
19,2014-09-30,28993,15257254,1692297.68205128,1798.0,2225402.00000004,-0.1419961545237536,-0.5379265754051469,0.2297734627831715
19,2014-10-31,32341,16278255,1562980.980000003,1867.0,1743124.000000009,-0.09301926871749598,-0.4265626726606645,0.2545846817691478
19,2014-11-30,37094,18093805,2052270.858205123,2181.0,2612318.000000049,0.12832192479001575,0.08022378330697973,0.36749370729953257
19,2014-12-31,59811,27462823,3308450.912857143,3205.0,3710469.000000001,0.0041567103762424,1.7329286588192971,0.7357065803667745
19,2015-01-31,34790,13335665,1512081.275,1493.0,1585409.0,-0.16462143929422896,-1.0301873049278587,0.12010068320747933
19,2015-02-28,40252,15699023,1627712.641666667,1718.0,1844681.000000001,0.0482857422123613,-0.6670441438045467,0.20100683207479325
19,2015-03-31,34109,13182355,1313796.165,1392.0,1449647.0,-0.25638703635728033,-1.1931982350321009,0.08378281193815175
19,2015-04-30,30672,11511950,1033581.710997737,1481.0,1532402.000000041,-0.12523097947859319,-1.0495549401877686,0.11578568860122258
19,2015-05-31,34121,12503350,1358499.1572463731,1452.0,1815589.3799999189,0.09374321545861102,-1.096360058732551,0.10535778496943546
19,2015-06-30,31766,11160355,1057857.98,1248.0,1234599.0,-0.33982228767322903,-1.4256098581510206,0.03200287666307084
19,2015-07-31,39343,14208114,1197625.528333333,1467.0,1265477.999999999,-0.25178174232936973,-1.0721505146576635,0.11075152822725638
19,2015-08-31,43335,14811637,1264289.820000003,1594.0,1365609.5000000189,-0.23726010947273815,-0.8671763748236163,0.15641855447680691
19,2015-09-30,30330,10843680,1070011.48571429,1159.0,1324420.00000003,-0.4048625821312256,-1.5692531529953528,0.0
19,2015-10-31,39749,13154917,1425825.0,1413.0,1576347.00000001,-0.09567707174016203,-1.1593048733272584,0.09133405249910104
20,2013-01-31,0,0,0.0,0.0,0.0,,-0.48946620065161023,0.0008688097306689834
20,2013-02-28,0,0,0.0,0.0,0.0,,-0.48946620065161023,0.0008688097306689834
20,2013-03-31,0,0,0.0,0.0,0.0,,-0.48946620065161023,0.0008688097306689834
20,2013-04-30,0,0,0.0,0.0,0.0,,-0.48946620065161023,0.0008688097306689834
20,2013-05-31,0,0,0.0,0.0,0.0,,-0.48946620065161023,0.0008688097306689834
20,2013-06-30,0,0,0.0,0.0,0.0,,-0.48946620065161023,0.0008688097306689834
20,2013-07-31,0,0,0.0,0.0,0.0,,-0.48946620065161023,0.0008688097306689834
20,2013-08-31,0,0,0.0,0.0,0.0,,-0.48946620065161023,0.0008688097306689834
20,2013-09-30,0,0,0.0,0.0,0.0,,-0.48946620065161023,0.0008688097306689834
20,2013-10-31,0,0,0.0,0.0,0.0,,-0.48946620065161023,0.0008688097306689834
20,2013-11-30,0,0,0.0,0.0,0.0,,-0.48946620065161023,0.0008688097306689834
20,2013-12-31,0,0,0.0,0.0,0.0,,-0.48946620065161023,0.0008688097306689834
20,2014-01-31,0,0,0.0,0.0,0.0,,-0.48946620065161023,0.0008688097306689834
20,2014-02-28,2772,2302070,152578.0,245.0,268065.0,inf,0.20488895115832045,0.21372719374456994
20,2014-03-31,4809,4084720,273903.836638871,736.0,788473.9999999603,inf,1.5964333574386305,0.6403127715030409
20,2014-04-30,6300,5213545,376440.0,1150.0,1288510.0,inf,2.769751858864391,1.0
20,2014-05-31,5943,4929482,341297.0,1131.0,1159509.0,inf,2.7159039083158656,0.9834926151172894
20,2014-06-30,21,20415,5999.0,-1.0,-5999.0,-inf,-0.49230030331205893,0.0
20,2014-07-31,0,0,0.0,0.0,0.0,,-0.48946620065161023,0.0008688097306689834
20,2014-08-31,0,0,0.0,0.0,0.0,,-0.48946620065161023,0.0008688097306689834
20,2014-09-30,0,0,0.0,0.0,0.0,,-0.48946620065161023,0.0008688097306689834
20,2014-10-31,0,0,0.0,0.0,0.0,,-0.48946620065161023,0.0008688097306689834
20,2014-11-30,0,0,0.0,0.0,0.0,,-0.48946620065161023,0.0008688097306689834
20,2014-12-31,0,0,0.0,0.0,0.0,,-0.48946620065161023,0.0008688097306689834
20,2015-01-31,3960,1918334,182028.05500000002,189.0,267357.0,inf,0.046179202173193434,0.16507384882710685
20,2015-02-28,6963,3422802,305937.86846319993,628.0,746751.999999961,1.7857124204948838,1.2903502701101712,0.5464813205907906
20,2015-03-31,8712,4274611,403079.96684537805,944.0,1127527.999999986,0.4300129110155094,2.1859267108119593,0.8210251954821894
20,2015-04-30,8316,3947922,348002.20010823203,850.0,959728.000000048,-0.2551644923205501,1.919521060729782,0.739357080799305
20,2015-05-31,0,0,0.0,0.0,0.0,-1.0,-0.48946620065161023,0.0008688097306689834
20,2015-06-30,0,0,0.0,0.0,0.0,-1.0,-0.48946620065161023,0.0008688097306689834
20,2015-07-31,0,0,0.0,0.0,0.0,,-0.48946620065161023,0.0008688097306689834
20,2015-08-31,0,0,0.0,0.0,0.0,,-0.48946620065161023,0.0008688097306689834
20,2015-09-30,0,0,0.0,0.0,0.0,,-0.48946620065161023,0.0008688097306689834
20,2015-10-31,0,0,0.0,0.0,0.0,,-0.48946620065161023,0.0008688097306689834
21,2013-01-31,3631,15498871,769060.1,1564.0,826538.0,,-0.9038652535967668,0.0017605633802816902
21,2013-02-28,5209,18176517,1213906.91833333,1990.0,1391843.0,,0.016780620741880872,0.1892605633802817
21,2013-03-31,5961,19212897,1186853.57,2073.0,1389893.0,,0.19615528639941082,0.22579225352112675
21,2013-04-30,6878,18627353,1021728.333333337,1899.0,1171330.000000012,,-0.17988316931637485,0.14920774647887325
21,2013-05-31,7694,18015387,1034758.233333327,1938.0,1233878.999999981,,-0.09559868786283668,0.16637323943661972
21,2013-06-30,9025,18596514,1043941.4117521401,2067.0,1309875.0,,0.18318844309886648,0.22315140845070422
21,2013-07-31,10117,19010385,997455.525,1890.0,1104367.65,,-0.19933343426719136,0.14524647887323944
21,2013-08-31,12244,20766573,1125877.69833333,2179.0,1240174.999999989,,0.4252361847090274,0.27244718309859156
21,2013-09-30,12184,18132474,1219555.50000631,2163.0,1930432.9899997402,,0.3906579359075758,0.2654049295774648
21,2013-10-31,12179,16798555,1086864.3452381,1816.0,1285132.00000002,,-0.3592578349739048,0.11267605633802817
21,2013-11-30,14840,19307733,1279009.420952329,2138.0,1983882.9999991031,,0.3366294221553078,0.25440140845070425
21,2013-12-31,28679,31691249,2569779.2,3488.0,3047480.0,,3.2541691647777826,0.8485915492957746
21,2014-01-31,23421,17942048,1244682.735,1848.0,1344761.0,0.6269802477321067,-0.2901013373710017,0.1267605633802817
21,2014-02-28,21937,16011496,1287626.5283333333,1747.0,1462752.999999999,0.050946838113206064,-0.5083765329301646,0.08230633802816902
21,2014-03-31,26684,18364313,1634382.183519663,2039.0,2035561.699999989,0.46454561610137546,0.12267650769632626,0.2108274647887324
21,2014-04-30,26679,17931253,1537592.012857143,2038.0,1852222.000000003,0.5812981824080181,0.12051536714623554,0.21038732394366197
21,2014-05-31,28816,18492166,1404811.9019480578,2098.0,1839629.000000043,0.49093144465549016,0.2501838001516789,0.2367957746478873
21,2014-06-30,28744,17865090,1359878.7166666666,1873.0,1469082.0,0.12154365874606356,-0.23607282361873363,0.13776408450704225
21,2014-07-31,24782,14963560,1248000.9833333301,1686.0,1414496.49999999,0.2808202956687387,-0.6402061064856986,0.05545774647887324
21,2014-08-31,32162,19117959,1487731.6483333341,1962.0,1663125.000000022,0.3410405789505808,-0.04373131466065935,0.17693661971830985
21,2014-09-30,27844,15900595,1412303.3558823501,1803.0,1846056.99999995,-0.04370832369571221,-0.3873526621250842,0.10695422535211267
21,2014-10-31,31510,17497304,1626265.3869607877,1837.0,1783713.00000001,0.3879609254146517,-0.3138738834219996,0.12191901408450705
21,2014-11-30,37281,19292975,2233378.551587305,2354.0,2969862.000000021,0.4969945304241044,0.8034357809749038,0.3494718309859155
21,2014-12-31,68589,33822487,4011317.6509523448,3832.0,4785705.999999889,0.5703814299027029,3.9976015140089913,1.0
21,2015-01-31,34790,14687980,1445025.1732142828,1560.0,1675655.999999993,0.24606231144418453,-0.9125098157971298,0.0
21,2015-02-28,35809,14802167,1441425.765294113,1625.0,1741940.000000019,0.1908640761632485,-0.7720356800412328,0.028609154929577465
21,2015-03-31,40510,16387273,1771323.275000007,1693.0,2201773.000000021,0.08165377644904247,-0.6250781226350637,0.058538732394366196
21,2015-04-30,41695,16637823,1729676.639470792,1952.0,2395809.000000067,0.2934783195535217,-0.06534272016156657,0.17253521126760563
21,2015-05-31,37250,14697765,1537618.987364336,1684.0,2132871.999999808,0.15940333621602953,-0.6445283875858802,0.05457746478873239
21,2015-06-30,41210,16143479,1448869.075494506,1719.0,1702987.000000034,0.1592184779338621,-0.5688884683327049,0.06998239436619719
21,2015-07-31,41582,16086455,1284955.1041666663,1619.0,1366760.9999999981,-0.033747344019580246,-0.7850025233417771,0.02596830985915493
21,2015-08-31,44777,16387465,1557435.10916667,1732.0,1783346.0,0.07228620819239476,-0.5407936411815255,0.07570422535211267
21,2015-09-30,40391,14215645,1547175.01465201,1647.0,2008982.0,0.08825567141212567,-0.7244905879392368,0.03829225352112676
21,2015-10-31,46410,16872182,1667826.831666669,1843.0,2018785.000000016,0.1317880174669382,-0.3009070401214553,0.12455985915492958
22,2013-01-31,3609,17340098,1275468.641190474,2191.0,1612625.9999999818,,0.9581178050485981,0.6715328467153284
22,2013-02-28,4404,14717286,1267866.2664502247,2145.0,1813797.0000000203,,0.8580379114336908,0.6435523114355232
22,2013-03-31,5918,17506967,1419470.748644348,2509.0,2022904.999999978,,1.6499744609081748,0.864963503649635
22,2013-04-30,6226,15581975,1184679.9899816853,2134.0,1589097.9999999101,,0.8341057629605608,0.6368613138686131
22,2013-05-31,7368,15523489,1277533.7748790288,2380.0,1841635.29999996,,1.3693156288141957,0.7864963503649635
22,2013-06-30,7978,14910321,1213772.8621825282,2199.0,1715221.6999998891,,0.9755230039381473,0.6763990267639902
22,2013-07-31,8546,14417189,1071388.665630344,1854.0,1291079.490000029,,0.22492380182634242,0.46654501216545013
22,2013-08-31,10639,15565362,1230401.3444444502,2167.0,1505353.000000028,,0.9059022083799508,0.656934306569343
22,2013-09-30,10782,14198761,1291670.597462469,2177.0,2148650.3999996097,,0.9276587069918872,0.6630170316301703
22,2013-10-31,11420,14402829,1262629.5967948765,2044.0,1741499.700000029,,0.6382972754531335,0.5821167883211679
22,2013-11-30,12599,14727155,1413636.5280978228,2367.0,3126780.0000022394,,1.3410321806186782,0.7785888077858881
22,2013-12-31,18812,19077188,1996961.5011824395,2731.0,3212861.800000007,,2.1329687300931623,1.0
22,2014-01-31,18365,12494603,1097366.7841269844,1645.0,1350911.000000001,-0.16229119461051963,-0.22978701916312774,0.33941605839416056
22,2014-02-28,20126,12877716,1280232.521962475,1805.0,1783173.1899999613,-0.016883813348494137,0.11831695862785421,0.4367396593673966
22,2014-03-31,21445,13167293,1531071.2598497518,1990.0,2243602.999999834,0.10909953754618161,0.520812182948677,0.5492700729927007
22,2014-04-30,20657,12716949,1122868.3364661685,1708.0,1462625.000000011,-0.07958791717056238,-0.09272107790792859,0.3777372262773723
22,2014-05-31,21553,12377775,1184593.9769121164,1739.0,2021043.5999997712,0.09741793068356971,-0.025275932210925847,0.39659367396593675
22,2014-06-30,18106,10839149,1072069.3261904698,1332.0,1327192.99999996,-0.22622655718497164,-0.9107654257167361,0.14902676399026765
22,2014-07-31,18776,10628682,1043874.8666666701,1381.0,1264020.00000001,-0.02095881021238938,-0.8041585825182479,0.17883211678832117
22,2014-08-31,20875,11608411,1165063.8782051252,1387.0,1439807.999999976,-0.043541282343776314,-0.7911046833510861,0.18248175182481752
22,2014-09-30,22683,11547957,1373066.533333303,1558.0,1861595.9999999092,-0.13359753638830804,-0.41906855708697416,0.2864963503649635
22,2014-10-31,22408,11256738,1161313.8748015882,1520.0,1457384.999999999,-0.16314369735465659,-0.5017432518123324,0.26338199513381993
22,2014-11-30,27766,13392552,1657461.0810780951,2017.0,2809963.0000000796,-0.10132372600628532,0.5795547292009053,0.5656934306569343
22,2014-12-31,37920,17406962,2321585.4023943366,2219.0,2764087.000000193,-0.13968070459794227,1.01903600116202,0.6885644768856448
22,2015-01-31,21817,8352953,907711.62708333,1087.0,1085322.9999999902,-0.19659918381004413,-1.4437996417091772,0.0
22,2015-02-28,23563,9561602,883429.5121094369,1170.0,1144296.999999976,-0.35828050443041887,-1.2632207032301055,0.05048661800486618
22,2015-03-31,28460,11103714,1204888.957142857,1332.0,1668681.000000061,-0.25624943450325915,-0.9107654257167361,0.14902676399026765
22,2015-04-30,26759,10045099,994997.7567982068,1410.0,1800002.0000005802,0.23066541321293343,-0.7410647365436325,0.1964720194647202
22,2015-05-31,28081,10508443,1099998.12773783,1396.0,2046679.99999955,0.012684733768129307,-0.7715238346003434,0.18795620437956204
22,2015-06-30,25886,8863005,940079.6545329256,1156.0,1446937.9999994598,0.09022425525112285,-1.2936798012868163,0.041970802919708027
22,2015-07-31,27143,9525408,806230.5416666667,1107.0,954745.0,-0.2446757171563801,-1.4002866444853046,0.012165450121654502
22,2015-08-31,27264,8737927,831653.235238095,1131.0,1057315.0000000512,-0.2656555596301251,-1.3480710478166573,0.0267639902676399
22,2015-09-30,27789,8884547,917665.263095237,1203.0,1467066.999999811,-0.2119305155361945,-1.1914242578107155,0.0705596107055961
22,2015-10-31,32860,10957612,1183887.729700857,1330.0,1717235.000000065,0.1782988023069169,-0.9151167254391235,0.1478102189781022
23,2013-01-31,269,11040110,776328.658333333,1240.0,851687.5999999989,,2.3085557510448296,0.779874213836478
23,2013-02-28,1435,11688013,982803.3067857231,1451.0,1107292.000000009,,2.7892284823754236,0.9125786163522013
23,2013-03-31,2505,13336033,966148.1209523829,1590.0,1110541.000000014,,3.105880186901265,1.0
23,2013-04-30,3108,11138126,821227.55,1231.0,898335.1,,2.2880531226942358,0.7742138364779875
23,2013-05-31,220,2305087,174261.875,272.0,198831.0,,0.1033841684476033,0.1710691823899371
23,2013-06-30,432,2336941,160826.75,285.0,183465.0,,0.13299907606512804,0.1792452830188679
23,2013-07-31,404,2422280,229591.541666666,299.0,260611.99999999802,,0.16489205349938543,0.18805031446540882
23,2013-08-31,348,2499588,185597.25,278.0,200963.0,,0.11705258734799932,0.17484276729559747
23,2013-09-30,402,2579282,195228.0,283.0,205216.0,,0.12844293643166269,0.1779874213836478
23,2013-10-31,414,2631666,210764.5,318.0,236104.0,,0.2081753800173062,0.2
23,2013-11-30,299,1780398,141335.793333333,189.0,147442.999999999,,-0.08569562634120846,0.11886792452830189
23,2013-12-31,301,2214751,179028.5,269.0,221031.5,,0.09654995899740527,0.1691823899371069
23,2014-01-31,0,0,0.0,0.0,0.0,-1.0,-0.5162508217036834,0.0
23,2014-02-28,0,0,0.0,0.0,0.0,-1.0,-0.5162508217036834,0.0
23,2014-03-31,0,0,0.0,0.0,0.0,-1.0,-0.5162508217036834,0.0
23,2014-04-30,0,0,0.0,0.0,0.0,-1.0,-0.5162508217036834,0.0
23,2014-05-31,0,0,0.0,0.0,0.0,-1.0,-0.5162508217036834,0.0
23,2014-06-30,0,0,0.0,0.0,0.0,-1.0,-0.5162508217036834,0.0
23,2014-07-31,0,0,0.0,0.0,0.0,-1.0,-0.5162508217036834,0.0
23,2014-08-31,0,0,0.0,0.0,0.0,-1.0,-0.5162508217036834,0.0
23,2014-09-30,0,0,0.0,0.0,0.0,-1.0,-0.5162508217036834,0.0
23,2014-10-31,0,0,0.0,0.0,0.0,-1.0,-0.5162508217036834,0.0
23,2014-11-30,0,0,0.0,0.0,0.0,-1.0,-0.5162508217036834,0.0
23,2014-12-31,0,0,0.0,0.0,0.0,-1.0,-0.5162508217036834,0.0
23,2015-01-31,0,0,0.0,0.0,0.0,,-0.5162508217036834,0.0
23,2015-02-28,0,0,0.0,0.0,0.0,,-0.5162508217036834,0.0
23,2015-03-31,0,0,0.0,0.0,0.0,,-0.5162508217036834,0.0
23,2015-04-30,0,0,0.0,0.0,0.0,,-0.5162508217036834,0.0
23,2015-05-31,0,0,0.0,0.0,0.0,,-0.5162508217036834,0.0
23,2015-06-30,0,0,0.0,0.0,0.0,,-0.5162508217036834,0.0
23,2015-07-31,0,0,0.0,0.0,0.0,,-0.5162508217036834,0.0
23,2015-08-31,0,0,0.0,0.0,0.0,,-0.5162508217036834,0.0
23,2015-09-30,0,0,0.0,0.0,0.0,,-0.5162508217036834,0.0
23,2015-10-31,0,0,0.0,0.0,0.0,,-0.5162508217036834,0.0
24,2013-01-31,4424,13968454,1277352.100833333,1708.0,1400722.8699999992,,-0.23457920556774092,0.24813559322033898
24,2013-02-28,5625,15866020,1444937.3133333302,2035.0,1676990.99999999,,0.27750632506295697,0.35898305084745763
24,2013-03-31,6386,16435496,1521695.08393939,2144.0,1808686.999999986,,0.44820150193985625,0.3959322033898305
24,2013-04-30,4277,8025373,713854.026666667,1014.0,857404.000000001,,-1.3213906987105677,0.01288135593220339
24,2013-05-31,8670,17545115,1551528.073333333,2173.0,1832992.999999997,,0.4936158150538937,0.40576271186440677
24,2013-06-30,11386,20614649,1718691.623535584,2587.0,2120917.2999999877,,1.1419442850267039,0.5461016949152543
24,2013-07-31,13154,20609533,1718249.3833333328,2508.0,1977271.499999999,,1.0182294320608778,0.5193220338983051
24,2013-08-31,13278,18570692,1734530.59,2405.0,1980154.0,,0.8569303199661931,0.484406779661017
24,2013-09-30,13996,17760824,1816422.325835752,2634.0,2859366.999999826,,1.215546792487385,0.5620338983050848
24,2013-10-31,16216,19738121,1835736.68333333,2525.0,2255721.99999999,,1.044851615610486,0.5250847457627119
24,2013-11-30,15340,16917818,1712921.34920639,2279.0,2679113.0000009597,,0.6596129595396857,0.44169491525423726
24,2013-12-31,29912,28396033,3426676.8382051247,3926.0,4708182.299999995,,3.2388327422576046,1.0
24,2014-01-31,23263,15149780,1599885.501666663,1923.0,1799687.999999989,0.2848280259748955,0.10211311579495035,0.32101694915254236
24,2014-02-28,24436,14854738,1801691.9883333382,2025.0,2135334.000000014,0.27331273691989205,0.2618462170925992,0.35559322033898305
24,2014-03-31,24123,14322656,1802232.3501221,2324.0,2196110.000000038,0.21420124101077476,0.7300834454062954,0.4569491525423729
24,2014-04-30,23120,13798725,1533623.7736443926,1773.0,1752468.9999999949,1.0439244510172483,-0.13278850376041565,0.27016949152542374
24,2014-05-31,23698,13233901,1543648.4864681293,1829.0,2100673.999999971,0.1460349275747232,-0.04509189912641235,0.28915254237288135
24,2014-06-30,26195,14317685,1603005.6300000031,1830.0,1827178.000000019,-0.13849634778308909,-0.04352588832937658,0.2894915254237288
24,2014-07-31,24777,13160903,1564368.325,1598.0,1704212.5,-0.13809889031425335,-0.406840393241676,0.21084745762711865
24,2014-08-31,30807,15875764,1782968.6489215682,1982.0,2014192.9999999949,0.017190077135412134,0.19450775282006097,0.3410169491525424
24,2014-09-30,25295,11932120,1667598.22,1730.0,2117905.0,-0.2593098402548085,-0.2001269680329539,0.2555932203389831
24,2014-10-31,24145,11315390,1411811.983333333,1412.0,1546320.999999999,-0.31448955146068275,-0.6981184014903298,0.14779661016949153
24,2014-11-30,33770,14847522,2426919.127545787,2155.0,3026333.9999999553,0.12960296934055085,0.46542762070724975,0.39966101694915257
24,2014-12-31,49904,20879988,3559128.8516666656,2789.0,4351330.999999978,-0.07579385785465824,1.45827846602793,0.6145762711864406
24,2015-01-31,27334,9364716,1491155.25,1310.0,1735264.999999999,-0.035796760327340284,-0.8578515027879787,0.11322033898305085
24,2015-02-28,28144,10124413,1376548.662142863,1253.0,1593910.0000000389,-0.25355471322049455,-0.9471141182190178,0.09389830508474577
24,2015-03-31,26084,8959337,1327527.06,1079.0,1412542.0,-0.35679815674079374,-1.2195999969032423,0.03491525423728813
24,2015-04-30,28940,9426112,1345155.8213042824,1338.0,1747861.0000002398,-0.002629433102528533,-0.8140032004709771,0.12271186440677966
24,2015-05-31,29076,9411953,1204824.32,1257.0,1607483.0,-0.23477750474370507,-0.9408500750308747,0.09525423728813559
24,2015-06-30,25449,8318825,1053552.58333333,976.0,1186475.99999999,-0.350651113356237,-1.380899108997927,0.0
24,2015-07-31,26904,8444177,1176797.43,1030.0,1331095.0,-0.21893836596081767,-1.2963345259579953,0.01830508474576271
24,2015-08-31,30611,9124512,1063100.93333333,1193.0,1234164.99999999,-0.3872657684740275,-1.0410747660411641,0.07355932203389831
24,2015-09-30,29237,9115631,1299476.9742857171,1176.0,1695908.000000001,-0.19925209109945868,-1.0676969495907722,0.06779661016949153
24,2015-10-31,32356,9464600,1396733.56666666,1245.0,1689819.99999995,0.09280026592146841,-0.9596422045953039,0.09118644067796611
25,2013-01-31,13939,68395858,4191295.523333341,7512.0,4998869.000000033,,0.27925900403164977,0.3684631803628602
25,2013-02-28,16989,71059020,4576480.993174585,8414.0,5779871.130000004,,0.786563537596549,0.4887940234791889
25,2013-03-31,21965,76953089,4639190.451235347,9051.0,6122578.199999994,,1.1448262736063504,0.5737726787620064
25,2013-04-30,25352,70991074,4022266.018333334,8021.0,4945228.820000002,,0.565531739712951,0.4363660618996798
25,2013-05-31,26264,62516797,3862895.932207802,7641.0,5162153.600000179,,0.35181142623771633,0.38567235859124865
25,2013-06-30,33186,70659063,4110040.2773809573,8551.0,5573829.00000004,,0.8636153348231468,0.5070704375667022
25,2013-07-31,36308,70139402,3845383.1437471104,8014.0,4985433.29999994,,0.5615947865699862,0.43543223052294555
25,2013-08-31,40153,68331903,3996587.9464194183,8106.0,4937360.300000043,,0.6133375993060957,0.44770544290288156
25,2013-09-30,42761,65518818,4379895.615242946,8950.0,7738767.000000438,,1.0880216639721432,0.5602988260405549
25,2013-10-31,45930,65919775,4154012.959827816,8204.0,5712488.999999978,,0.6684549433076035,0.4607790821771611
25,2013-11-30,47616,62305701,4351014.7600753475,7862.0,7673760.999999816,,0.4761066611798923,0.4151547491995731
25,2013-12-31,82438,93526939,7269257.8814102495,12246.0,11922794.099999817,,2.941764172431021,1.0
25,2014-01-31,70211,53501311,3955208.7299999935,6009.0,4730940.999999981,-0.05359772380513462,-0.5660610779506601,0.16795624332977588
25,2014-02-28,77913,56270435,4238100.391392278,6797.0,5583816.500000008,-0.03392024243972981,-0.1228726384283313,0.27307897545357523
25,2014-03-31,75421,53337352,4414417.940039143,6331.0,6322666.000000025,0.03268031758255561,-0.384961233374277,0.21091248665955176
25,2014-04-30,74740,50941165,3962909.533817943,5917.0,5129798.499999806,0.03732277852408942,-0.6178038906867696,0.1556830309498399
25,2014-05-31,81402,52239404,4226533.027855866,6426.0,6627663.0000000475,0.283894961978624,-0.3315311550054683,0.22358591248665954
25,2014-06-30,86427,53984399,4289672.28413421,6702.0,5369607.000000113,-0.03663944480534403,-0.17630271679713996,0.26040554962646745
25,2014-07-31,85736,52428748,4055547.790535857,5999.0,5031049.999999587,0.009149997052342023,-0.5716852967263242,0.1666221985058698
25,2014-08-31,97251,56781828,4416535.721238105,6649.0,5525992.000000041,0.11921992000462134,-0.20611107630815953,0.2533351120597652
25,2014-09-30,80893,45999117,4036917.79,6239.0,6784135.0,-0.12335711877620605,-0.43670404611038643,0.1986392742796158
25,2014-10-31,92736,50693597,4546125.812391301,5961.0,5638621.999999992,-0.01293079076388354,-0.5930573280738476,0.16155282817502667
25,2014-11-30,108968,57289182,5555005.2049772795,7676.0,9127108.99999959,0.1893918770730297,0.3714961919525406,0.39034151547491996
25,2014-12-31,186641,93853768,9636909.345436592,12027.0,14409019.000000497,0.20852703478295564,2.818593781243978,0.9707844183564568
25,2015-01-31,106847,46785891,4262260.866437908,5101.0,5031142.999999959,0.06345502934827951,-1.0767401427809578,0.04682497331910352
25,2015-02-28,115375,49236204,4536368.97436509,5249.0,5704720.5000002645,0.021652574005656514,-0.9935017049011295,0.06656883671291355
25,2015-03-31,122130,51523444,4316543.472706597,5701.0,5864052.000000128,-0.07253490853382034,-0.7392870162411135,0.12686766275346853
25,2015-04-30,114607,46598830,4369693.840882701,5898.0,6913324.999999667,0.3476796408279833,-0.6284899063605313,0.15314834578441835
25,2015-05-31,114090,45536696,4201095.113635376,5594.0,6743288.9999999385,0.017445968511055888,-0.799466157140719,0.11259338313767342
25,2015-06-30,116442,45103321,3938584.8113659155,5057.0,4893131.0000001695,-0.08873573056648898,-1.1014867053938797,0.04095517609391675
25,2015-07-31,114116,43718078,3620521.990000002,4750.0,4338392.9900000105,-0.13767643136117386,-1.2741502218067666,0.0
25,2015-08-31,122540,44956118,4008750.458976193,5007.0,4907245.000000067,-0.11197030325052394,-1.1296077992722,0.034284951974386337
25,2015-09-30,108643,39548177,3837437.355985673,4908.0,6042864.999999671,-0.10926521951587473,-1.1852875651512744,0.021077908217716115
25,2015-10-31,138780,49834125,4816367.36291747,5956.0,6887847.000000131,0.22154792429784112,-0.5958694374616796,0.16088580576307365
26,2013-01-31,4361,20522271,1348507.85833333,2463.0,1679800.19999999,,0.8003519136921163,0.6190082644628099
26,2013-02-28,5652,20748413,1563584.6893650861,2642.0,1964707.2000000982,,1.0930591876978986,0.6929752066115702
26,2013-03-31,7053,21764467,1706829.066428534,2743.0,2296575.9999998873,,1.2582180406285353,0.7347107438016529
26,2013-04-30,7698,20598321,1354370.679545455,2382.0,1661497.0500000052,,0.667897784114081,0.5855371900826446
26,2013-05-31,8900,19759775,1349091.8500891249,2583.0,1820847.2999999651,,0.9965802538077245,0.6685950413223141
26,2013-06-30,9915,20719670,1317308.8214735156,2750.0,1974856.6999998388,,1.2696646938019458,0.737603305785124
26,2013-07-31,11861,22591435,1318154.766666673,2499.0,1568033.6000000392,,0.8592204157267989,0.6338842975206611
26,2013-08-31,12905,19633030,1454662.8416666668,2585.0,1807441.500000001,,0.9998507261429846,0.6694214876033058
26,2013-09-30,13407,19153735,1494415.7294366471,2734.0,2597805.00000064,,1.2435009151198646,0.7309917355371901
26,2013-10-31,12840,17285307,1280149.750000003,2236.0,1708752.000000009,,0.429153303640091,0.525206611570248
26,2013-11-30,13692,17063312,1314654.649582261,2214.0,2581021.000000155,,0.39317810795222957,0.5161157024793388
26,2013-12-31,26115,27005187,2553232.871718222,3385.0,3717101.0000003823,,2.3080396602470388,1.0
26,2014-01-31,21306,15732427,1132631.3538888888,1777.0,1268359.5,-0.2449343082587991,-0.32142009730210996,0.33553719008264465
26,2014-02-28,22124,15134435,1355687.4966666668,1991.0,1751592.000000001,-0.1084717356357663,0.028520442570724502,0.42396694214876035
26,2014-03-31,24692,16386046,1496435.4722222108,2128.0,2120559.9999999376,-0.07664279344552863,0.2525477975360437,0.4805785123966942
26,2014-04-30,21910,14104701,1238159.925459247,1747.0,1614411.0000000112,-0.028339532712377578,-0.37047718233101196,0.3231404958677686
26,2014-05-31,23978,14613660,1454953.491161617,1909.0,2227703.000000095,0.22344306411643505,-0.10556892317494104,0.39008264462809916
26,2014-06-30,23017,13345242,1083874.0822222228,1613.0,1287926.0000000051,-0.3478382507449223,-0.589598828793441,0.26776859504132233
26,2014-07-31,23547,13100977,1099011.133333333,1574.0,1346514.999999999,-0.14127159009860157,-0.6533730393310136,0.2516528925619835
26,2014-08-31,24961,13888895,1170188.102380953,1677.0,1407692.9999999972,-0.2211681539900481,-0.4849437140651167,0.29421487603305785
26,2014-09-30,27105,14164824,1591058.87492067,1992.0,3288650.0000001895,0.2659341251554214,0.030155678738354567,0.4243801652892562
26,2014-10-31,24970,13023610,1215467.800000014,1530.0,1419488.2000000519,-0.16928366433511455,-0.7253234307067367,0.2334710743801653
26,2014-11-30,30324,14469153,1819535.958383834,2148.0,2978528.999999992,0.15401192008891565,0.2852525208886451,0.4888429752066116
26,2014-12-31,52859,23636583,3377499.1891269856,3052.0,4210760.000000011,0.13280752930834488,1.7635060164262262,0.8623966942148761
26,2015-01-31,29074,12047199,1261516.290404043,1302.0,1401129.0000000251,0.104678129505101,-1.098157276926392,0.13925619834710745
26,2015-02-28,29796,11514581,1141280.59142857,1265.0,1330705.99999998,-0.24028769256768742,-1.1586610151287045,0.12396694214876033
26,2015-03-31,29058,11170410,1274772.033333333,1311.0,1975643.0000000289,-0.06833902365408807,-1.0834401514177214,0.14297520661157026
26,2015-04-30,27922,9663907,1240552.2856053421,1502.0,2111939.0000001937,0.308179267856933,-0.7711100434003785,0.22190082644628098
26,2015-05-31,29084,10756050,1152368.12540353,1324.0,1885971.99999987,-0.15340061040462322,-1.0621820812385305,0.14834710743801652
26,2015-06-30,24210,8161438,1178362.611111111,965.0,1568807.999999999,0.21808861689257988,-1.6492318654177247,0.0
26,2015-07-31,28387,9992919,1031004.81816667,1132.0,1225527.00000002,-0.0898526938058463,-1.3761474254235035,0.06900826446280992
26,2015-08-31,30733,10344361,953840.9030769169,1302.0,1263875.319999951,-0.10216551478202034,-1.098157276926392,0.13925619834710745
26,2015-09-30,29827,9922245,1184467.44535147,1333.0,1874555.99999998,-0.429992246058452,-1.0474649557298599,0.15206611570247933
26,2015-10-31,32222,10544439,1257333.602564105,1311.0,1785995.000000028,0.25819644009718623,-1.0834401514177214,0.14297520661157026
27,2013-01-31,7460,35173109,2880694.0684523694,4107.0,3324149.9999999423,,0.09071530530869637,0.4503593292520628
27,2013-02-28,9182,37403605,3181362.3330396595,4815.0,4032386.9999998994,,0.5560250920956001,0.5445834442374234
27,2013-03-31,12713,42062975,3284468.768214286,5343.0,4044204.000000018,,0.9030357805468504,0.6148522757519297
27,2013-04-30,13491,34571374,2545973.108333328,4177.0,3093269.999999984,,0.13672051021700607,0.45967527282406173
27,2013-05-31,12144,26867774,1924978.647878792,3293.0,2437650.0000000163,,-0.44425950605364783,0.34202821400053235
27,2013-06-30,8088,16602701,1351328.407362634,2258.0,1911457.999999958,,-1.1244793214836555,0.20428533404311952
27,2013-07-31,22310,39245207,2716631.51666666,4623.0,3193307.99999998,,0.4298393872042364,0.5190311418685121
27,2013-08-31,24995,37528122,2869159.6346904733,4848.0,3402979.999999994,,0.5777132601238033,0.5489752462070802
27,2013-09-30,24574,35772035,2857387.834115926,5030.0,4527432.999999978,,0.6973267928854086,0.5731966994942773
27,2013-10-31,25050,32910889,2854483.5093333265,4235.0,3676164.9999999683,,0.17483910856960552,0.4673941974980037
27,2013-11-30,26276,30588786,2650158.7214285703,3976.0,3887450.9999999898,,0.004619850408859654,0.4329252062816077
27,2013-12-31,54466,54252906,5713177.855055991,7721.0,9550265.49999976,,2.465898313003428,0.9313281873835507
27,2014-01-31,47995,33078914,3259693.7281313213,4271.0,4005031.00000003,0.20482860280074586,0.19849892823673623,0.4721852541921746
27,2014-02-28,53418,34735739,3638316.3219444416,4777.0,4842164.999999963,0.2008185226269412,0.5310508380025177,0.5395262177269098
27,2014-03-31,52116,32265149,3607368.3450479973,4586.0,4695815.999999826,0.16112243596015552,0.40552235032412987,0.5141070002661698
27,2014-04-30,46381,28217943,2960951.8605615026,4580.0,4614597.00000008,0.491818366970909,0.40157904704627473,0.5133084908171414
27,2014-05-31,56085,31930755,3604942.107377413,4612.0,5250216.999999711,1.1538026377862598,0.42260999786150205,0.5175672078786265
27,2014-06-30,58362,32540704,3503761.3309523766,4462.0,4528085.499999962,1.3689170779583235,0.32402741591512413,0.49760447165291455
27,2014-07-31,56329,31103622,3262941.1147619025,3868.0,3879899.2999999886,0.2150094196989495,-0.06635960859253245,0.41855203619909503
27,2014-08-31,69111,35904435,4012522.9476190517,4840.0,4946421.0,0.45355570705675874,0.5724555224199965,0.5479105669417088
27,2014-09-30,52041,26043656,3283216.1538888765,3848.0,4827943.999999939,0.06637558192467195,-0.0795039528520495,0.4158903380356668
27,2014-10-31,54195,27139312,3277337.1639682404,3461.0,3914576.4999998906,0.06485331860782209,-0.33384701427370456,0.3643864785733298
27,2014-11-30,65754,31526866,4183526.3732323125,4418.0,5868804.499999929,0.5096793502991921,0.2951098585441866,0.49174873569337235
27,2014-12-31,122793,55413890,7733797.062330069,8237.0,11857797.999999486,0.2416197225092626,2.8050223948989688,1.0
27,2015-01-31,64010,26287563,3400140.58679488,3361.0,4147618.22000005,0.03560202655111013,-0.3995687355712898,0.3510779877561884
27,2015-02-28,71605,28373842,3319806.573999983,3650.0,4153175.599999939,-0.14228953371064987,-0.20963296102126835,0.3895395262177269
27,2015-03-31,67389,26203622,3053273.876666663,3056.0,3698334.999999984,-0.21241909819291868,-0.6000199855289249,0.31048709076390735
27,2015-04-30,63371,24233523,2818967.3658730243,3335.0,3901951.9999998817,-0.15443277061901312,-0.416656383108662,0.3476177801437317
27,2015-05-31,67979,25703720,2972624.6437337473,3215.0,4027213.0000001397,-0.23294351452514037,-0.49552244866576434,0.3316475911631621
27,2015-06-30,70528,26192438,2927098.4347618986,3050.0,3432144.9999999767,-0.2420317593384653,-0.6039632888067801,0.3096885813148789
27,2015-07-31,51509,19042664,1959489.8559999971,2173.0,2249991.9999999907,-0.4200901038849134,-1.180342784586603,0.19297311684854937
27,2015-08-31,23202,9157176,997624.799285711,1142.0,1230444.9999999888,-0.7512453954081165,-1.8579337311647073,0.055762576523822195
27,2015-09-30,18991,7271041,785921.242857143,854.0,916702.0000000009,-0.8101258009620632,-2.0472122885017527,0.01743412297045515
27,2015-10-31,16619,6246626,679420.08,723.0,806818.0,-0.7938939244130182,-2.1333077434015895,0.0
28,2013-01-31,12051,54066494,3234291.2843589745,6058.0,3840464.529999996,,0.5013047131622751,0.5628880610253681
28,2013-02-28,12926,52352302,3285218.1641073744,6417.0,4200592.030000003,,0.7568882447131178,0.6265744190172078
28,2013-03-31,17344,58500652,3802281.0873311656,7085.0,4884220.999999991,,1.232458715676803,0.7450771687067589
28,2013-04-30,16704,45677149,2767023.7592857056,5243.0,3373202.999999958,,-0.07891973868713122,0.41830761043108033
28,2013-05-31,18335,44447728,2775186.098333333,5339.0,3430105.9999999935,,-0.010574281782170474,0.4353379457158063
28,2013-06-30,25905,55340321,3367695.01549925,6737.0,4534554.000000077,,0.9847064343963202,0.6833422032996275
28,2013-07-31,34162,65837555,3813536.940606066,7574.0,4620054.210000012,,1.5805933867864468,0.8318254390633315
28,2013-08-31,37261,60922729,3737958.645595237,7648.0,4490572.000000001,,1.6332763431506871,0.8449529891786411
28,2013-09-30,32812,50559564,3451875.3952709334,6981.0,5449752.000000841,,1.1584178040297621,0.7266276388149725
28,2013-10-31,33246,47519181,3325150.1683333362,5967.0,4357869.800000029,,0.4365189154711143,0.546744722370055
28,2013-11-30,31784,39777025,2994451.835569067,5086.0,4576972.999998401,,-0.19069303800045243,0.3904559162675182
28,2013-12-31,59911,64758759,5814513.639545449,8522.0,8254574.700000003,,2.255504773722934,1.0
28,2014-01-31,57642,44125343,3248768.6599999997,5213.0,3812992.0,-0.007153439326256737,-0.10027769396993144,0.41298563065460353
28,2014-02-28,63835,43723409,3863574.454609893,5778.0,5085209.000000015,0.2105934029494436,0.3019637971894729,0.5132162497782509
28,2014-03-31,64616,44482408,3753195.110402898,5511.0,4631612.999999872,-0.051719199438378965,0.11187799517255084,0.4658506297676069
28,2014-04-30,57650,38025371,3213481.3850000002,4674.0,3788270.9999999967,0.12304862766932313,-0.4840089572175756,0.3173673940039028
28,2014-05-31,63114,40067533,3420257.8065079357,5068.0,4520384.999999967,0.31785577471949145,-0.20350781117013256,0.38726272840163206
28,2014-06-30,73881,44282403,3857964.098333337,5629.0,4906587.00000001,0.08204401138456541,0.19588595261823175,0.48678375022174913
28,2014-07-31,70087,42017727,3446141.9516666625,4976.0,4053426.5999999857,-0.12264522974071876,-0.26900554070405325,0.3709419904204364
28,2014-08-31,85770,49116591,4094762.596407043,6371.0,5138554.000000021,0.14429832101567916,0.7241393799461574,0.6184140500266099
28,2014-09-30,69945,39737306,3867760.375562772,5168.0,5315984.000000072,-0.024545704098232108,-0.1323146268941318,0.40500266098988824
28,2014-10-31,67163,36972683,3520743.7899999986,4346.0,4074396.999999997,-0.06504847850204924,-0.7175226016428581,0.2591804151144226
28,2014-11-30,77604,40042790,4472414.230946149,5285.0,6127528.949999921,0.33877323506213863,-0.04901860129121089,0.4257583821181479
28,2014-12-31,120444,58892710,7091950.841731587,7880.0,10028478.999999914,0.2148995392821281,1.798444530671009,0.8861096327833954
28,2015-01-31,87676,36386983,3968133.906262621,4306.0,4607454.999999979,0.2083568494242785,-0.7459998753532584,0.2520844420791201
28,2015-02-28,87169,35173253,3709375.89666666,4156.0,4482728.99999999,-0.11847693968920911,-0.8527896517672595,0.22547454319673585
28,2015-03-31,87721,35496930,3538504.44333333,4013.0,4239193.99999997,-0.08472620661525758,-0.9545959052819406,0.20010643959552954
28,2015-04-30,78110,30943421,3082420.6026190436,3763.0,3975101.999999932,0.04931827738826906,-1.1325788659719427,0.15575660812488912
28,2015-05-31,84578,30915051,3420665.1260835435,3846.0,4228094.000000069,-0.06466064284345263,-1.073488523022862,0.17048075217314174
28,2015-06-30,88293,32824817,3253314.84833333,3802.0,3902845.9999999795,-0.20457010137597248,-1.1048135241043022,0.16267518183430904
28,2015-07-31,89690,33562780,3261406.4326587263,3806.0,3744597.5600000047,-0.07618962188682091,-1.1019657967332623,0.16338477913783928
28,2015-08-31,94999,33838603,3115064.7991666626,3928.0,3726784.0000000093,-0.27474071499492003,-1.0151101119165413,0.1850274968955118
28,2015-09-30,67623,23266919,2699086.568820567,2885.0,3507662.999999901,-0.3401667499375744,-1.7576550239152293,0.0
28,2015-10-31,76088,26943040,2689380.4087606836,2970.0,3169218.999999993,-0.22216244514219033,-1.6971408172806286,0.01507894270001774
29,2013-01-31,4303,22457397,1552523.300000003,2435.0,1772615.000000019,,0.8368286171635361,0.7384416424183641
29,2013-02-28,5320,22968610,1775425.999999996,2777.0,2138240.999999977,,1.234826210536582,0.8490139023601682
29,2013-03-31,7171,24370820,1845598.3428571369,2911.0,2226013.299999971,,1.3907667880570151,0.8923375363724539
29,2013-04-30,7812,21419304,1411670.136666667,2444.0,1648452.000000001,,0.8473022380417741,0.7413514387326221
29,2013-05-31,8704,19997790,1345889.330686274,2439.0,1605096.999999986,,0.8414835597760862,0.739734885224701
29,2013-06-30,10709,22673315,1507819.3018514009,2757.0,2083234.9999999239,,1.2115514974738306,0.8425476883284837
29,2013-07-31,11245,21553112,1382505.5566666701,2310.0,1548859.00000001,,0.691361660521341,0.6980278047203362
29,2013-08-31,12813,21550165,1532738.573333336,2528.0,1805731.0000000081,,0.9450560329053292,0.7685095376656967
29,2013-09-30,13954,20998881,1678611.4369655831,2736.0,2704635.999999899,,1.1871130487579418,0.835758163595215
29,2013-10-31,13159,17783824,1484178.33333333,2174.0,1800393.99999999,,0.5330936116946327,0.654057549304882
29,2013-11-30,14895,18518143,1508635.1554597672,2189.0,2439409.999999901,,0.550549646491696,0.6589072098286454
29,2013-12-31,24231,25944470,2782055.9916667067,3244.0,3676679.700000131,,1.7782907605518228,1.0
29,2014-01-31,22045,15429326,1487974.2416666672,1733.0,1602551.000000001,-0.09593961463714136,0.019886188660968227,0.5114775299062398
29,2014-02-28,22602,14250956,1532902.4050000003,1819.0,1780389.0000000012,-0.16735812286827342,0.11996745483079847,0.539282250242483
29,2014-03-31,23170,14640205,1590802.7134920708,1818.0,1971539.0000000591,-0.1143184095081171,0.11880371917766092,0.5389589395408988
29,2014-04-30,22569,13938587,1312826.8989010989,1908.0,1942192.0000000081,0.17819141837312039,0.2235399279600414,0.5680569026834789
29,2014-05-31,26344,16314658,1403994.977192987,1982.0,2047643.5000000852,0.2757132434987437,0.30965636629222093,0.5919818946007113
29,2014-06-30,23046,13219375,1247639.11666667,1531.0,1401679.00000001,-0.3271623220615719,-0.2151884132728191,0.44616876818622697
29,2014-07-31,23788,13983926,1177143.25,1505.0,1346396.0,-0.13071751528060896,-0.24544554025439566,0.4377626899450372
29,2014-08-31,27523,14901985,1497163.72071429,1719.0,1722151.00000003,-0.04628596396693513,0.0035938895170423745,0.5069511800840608
29,2014-09-30,26245,13894175,1475092.85000001,1685.0,2003366.00000007,-0.25928442866243556,-0.0359731226896347,0.4959586162301972
29,2014-10-31,26950,13852253,1416246.0666666701,1534.0,1558295.00000002,-0.13447001045325152,-0.2116972063134064,0.44713870029097963
29,2014-11-30,32535,16260051,2013712.8986014,1989.0,2615889.0,0.07234495226309082,0.31780251586418384,0.5942450695118009
29,2014-12-31,43820,19893148,2877705.8233332997,2374.0,3499199.9999999,-0.048271732781135335,0.7658407423221448,0.7187196896217265
29,2015-01-31,23375,9942913,1217837.866666663,1039.0,1283590.9999999888,-0.1990326672910952,-0.7877463546164991,0.2870999030067895
29,2015-02-28,24067,9605141,1131200.0,1093.0,1341553.0,-0.24648321237662155,-0.7249046293470708,0.30455868089233756
29,2015-03-31,21893,8926959,1003936.556666673,926.0,1159658.000000019,-0.4118006288488413,-0.9192484834210435,0.2505657937277724
29,2015-04-30,19198,7447145,751899.9732381799,953.0,1192709.99999982,-0.38589490637392443,-0.8878276207863294,0.2592951826705464
29,2015-05-31,16735,6462115,737689.6428571399,710.0,894896.99999996,-0.5629624981106708,-1.1706153844987566,0.18073068218558033
29,2015-06-30,4873,1950752,302600.0,199.0,325526.0,-0.767759950744787,-1.7652843032520502,0.015518913676042677
29,2015-07-31,6426,2638264,273276.78,269.0,297152.0,-0.7792982153838841,-1.683822807532421,0.038150662786938246
29,2015-08-31,6117,2494239,240648.29000000004,268.0,262599.0,-0.8475168553744733,-1.6849865431855586,0.037827352085354024
29,2015-09-30,4305,1633782,186668.173333337,192.0,200327.000000011,-0.9000047919351711,-1.7734304528240132,0.01325573876495312
29,2015-10-31,3722,1432589,189538.5,151.0,198011.0,-0.8729309918853635,-1.8211436146026532,0.0
30,2013-01-31,4978,24672529,1541597.9233333329,2651.0,1645079.999999999,,0.8002213852358,0.7057860262008734
30,2013-02-28,6407,25970149,1551548.4198809469,2922.0,1799771.3999999668,,1.049975461638573,0.7797489082969432
30,2013-03-31,7610,25361073,1504105.070876064,2872.0,1755250.999999984,,1.0038953737413823,0.7661026200873362
30,2013-04-30,8456,23016993,1213949.028333333,2443.0,1330561.999999999,,0.6085282195834872,0.6490174672489083
30,2013-05-31,9447,22746611,1277135.2162698419,2571.0,1555881.000000011,,0.7264932446002951,0.6839519650655022
30,2013-06-30,11132,22540714,1304909.0013957368,2594.0,1616795.0000001183,,0.7476900850330028,0.6902292576419214
30,2013-07-31,12862,24395752,1341784.67166667,2612.0,1462780.00000001,,0.7642789166759913,0.69514192139738
30,2013-08-31,15869,26180430,1528879.877166667,3021.0,1747647.0000000012,,1.1412140356750102,0.8067685589519651
30,2013-09-30,15213,23166924,1532092.3553754727,2912.0,2388644.9999997974,,1.0407594440591348,0.7770196506550219
30,2013-10-31,16020,23474977,1482679.3486887452,2740.0,1772573.999999872,,0.8822439416927993,0.7300764192139738
30,2013-11-30,16471,21297608,1456638.295795199,2444.0,2562883.4999995697,,0.6094498213414311,0.6492903930131004
30,2013-12-31,28850,31462801,2666652.744444444,3729.0,3201839.999999997,,1.793708080299229,1.0
30,2014-01-31,24288,18117857,1339534.1366666672,2049.0,1410875.500000001,-0.1423666326257679,0.24541712695362553,0.5414847161572053
30,2014-02-28,26650,18910506,1504187.8958333342,2232.0,1720965.5000000033,-0.04378661645582602,0.41407024865734304,0.5914301310043668
30,2014-03-31,28364,19419872,1613966.310021646,2244.0,1896463.9999999779,0.08045174165973712,0.42512946975266874,0.5947052401746725
30,2014-04-30,26221,17601736,1322217.410512817,1988.0,1480708.9999999509,0.11284479791242491,0.18919941971905302,0.5248362445414847
30,2014-05-31,27182,17602712,1309333.035630098,2049.0,1716255.9999998303,0.1030766491780658,0.24541712695362553,0.5414847161572053
30,2014-06-30,27522,16956073,1231677.83333333,1871.0,1385409.99999999,-0.1431133817213137,0.08137201403962709,0.49290393013100436
30,2014-07-31,26103,15808299,1133756.2966666631,1743.0,1297232.999999979,-0.11317286263144823,-0.03659301097718079,0.4579694323144105
30,2014-08-31,28715,16167854,1324725.94666667,1895.0,1520298.000000011,-0.13008862773774685,0.10349045623027855,0.49945414847161573
30,2014-09-30,28309,15560119,1424715.805000003,1936.0,1825913.500000009,-0.23558607495037398,0.14127612830597483,0.5106441048034934
30,2014-10-31,28482,15351271,1345860.374444448,1797.0,1554561.000000028,-0.12299232641337386,0.013173483951785032,0.47270742358078605
30,2014-11-30,33588,17774085,1713611.16190477,2127.0,2336559.00000025,-0.08830853997045034,0.3173020640732428,0.5627729257641921
30,2014-12-31,48897,24388313,2743731.9633333334,2799.0,3134600.999999999,-0.02100011243534911,0.9366184454114841,0.74617903930131
30,2015-01-31,22314,10183012,1087484.833333337,1012.0,1120488.000000011,-0.2058207829110292,-0.710283896034107,0.25846069868995636
30,2015-02-28,9100,3747382,380003.115,422.0,402263.0,-0.7662573712256293,-1.2540289332209558,0.09743449781659388
30,2015-03-31,2957,1272639,113904.0,137.0,117674.0,-0.9379508390351721,-1.516685434234942,0.019650655021834062
30,2015-04-30,2685,1225971,136668.0,124.0,145148.0,-0.9019739867860567,-1.5286662570882115,0.016102620087336244
30,2015-05-31,2438,1054595,96528.0,111.0,99247.0,-0.9421723798780545,-1.540647079941481,0.012554585152838428
30,2015-06-30,2781,1232962,114655.0,131.0,122852.0,-0.9113244454710152,-1.5222150447826048,0.018013100436681223
30,2015-07-31,2590,1070169,85335.33333333,124.0,97950.99999999,-0.9244923618193558,-1.5286662570882115,0.016102620087336244
30,2015-08-31,2941,1309006,103190.0,136.0,108987.0,-0.9283120809209778,-1.5176070359928857,0.01937772925764192
30,2015-09-30,1509,625853,75729.0,65.0,75356.0,-0.9587296988603241,-1.5830407608068964,0.0
30,2015-10-31,2167,1023384,72194.0,109.0,81879.0,-0.9473298249473655,-1.5424902834573688,0.012008733624454149
31,2013-01-31,17815,88109665,4955925.762600475,9870.0,6092100.699999987,,0.364920111867678,0.39900506851886614
31,2013-02-28,22009,90805911,5306175.86299974,11136.0,7095398.099999916,,0.9018043206119898,0.5178336774920218
31,2013-03-31,27436,95701137,5232510.088129722,11494.0,7181181.1099999705,,1.0536246576818662,0.5514360803454101
31,2013-04-30,30093,84575737,4597624.4204762,9785.0,5790127.000000037,,0.328873383792428,0.3910268443776985
31,2013-05-31,34903,85943420,4610611.058269014,10508.0,6309908.0300000245,,0.6354826120089662,0.4588886803078656
31,2013-06-30,39775,86780917,4533298.997317447,10440.0,6367699.000000007,,0.6066452295487662,0.4525061009949315
31,2013-07-31,46383,90459711,4607220.03021284,10389.0,5746460.250000014,,0.5850171927036162,0.4477191665102309
31,2013-08-31,51284,89698823,4879661.787990783,10775.0,6146851.189999978,,0.7487117460806338,0.4839496902571804
31,2013-09-30,50413,80290941,4773911.568039467,10997.0,8635326.999999648,,0.8428573182301103,0.5047869344847006
31,2013-10-31,56660,81122735,4555982.499594093,10068.0,6443003.700000113,,0.4488877843253191,0.41758963769476254
31,2013-11-30,65283,86428362,5046474.622153392,10752.0,8761070.400003893,,0.7389579255426251,0.4817908766660409
31,2013-12-31,107984,124622419,8444854.487408733,16273.0,13230520.800000539,,3.080298933818569,1.0
31,2014-01-31,96983,74242257,4726624.634679489,8768.0,5701843.409999964,-0.06405955994785578,-0.10241511564909266,0.29556973906513984
31,2014-02-28,98869,73323217,4715930.776676658,9308.0,6304418.0,-0.11147790283957784,0.12658762741720148,0.34625492772667543
31,2014-03-31,104178,74714897,5229528.358918963,9119.0,7074250.9999998575,-0.014890323522297778,0.04643666734399853,0.328515111695138
31,2014-04-30,104282,73492211,4587189.802774325,8742.0,5992296.999999852,0.03491633257781969,-0.11344117364858089,0.2931293410925474
31,2014-05-31,108044,71923515,4923579.656856831,8723.0,7333662.000000139,0.16224546619899155,-0.12149867757128383,0.2913459733433452
31,2014-06-30,111718,71958114,4519026.318896102,8321.0,5761264.699999999,-0.09523601853668139,-0.29197849740952503,0.2536136662286465
31,2014-07-31,111664,70284268,4488421.878333341,7939.0,5691984.94000006,-0.009479802805553874,-0.4539767341712368,0.21775858832363432
31,2014-08-31,129090,77206508,4950076.473609033,8979.0,6162273.670000035,0.0025090049398214425,-0.012934414191707353,0.31537450722733246
31,2014-09-30,114246,66188690,5038248.429468887,8381.0,7785687.999999881,-0.09839106266616213,-0.2665337481799368,0.25924535385770603
31,2014-10-31,121943,68595662,4966363.778674965,7903.0,6326107.499999798,-0.018143121662387518,-0.4692435837089897,0.21437957574619862
31,2014-11-30,145533,80011683,6497756.235055116,10146.0,10243823.700000178,0.1692433951901158,0.48196595832378386,0.4249108316125399
31,2014-12-31,222830,115422801,9843542.253809523,14302.0,14626109.000000002,0.10548248410594736,2.2444389216265956,0.8149990613853951
31,2015-01-31,135416,60394760,4648427.695731742,6744.0,5604166.999999879,-0.017130672131188098,-0.9607513229938691,0.10559414304486578
31,2015-02-28,145729,63982614,4544763.382662307,6901.0,5878809.850000009,-0.06750950682521227,-0.8941708958431133,0.12033039234090483
31,2015-03-31,139305,59098835,4253536.868867251,6293.0,5454607.000000077,-0.22894918486774257,-1.1520110213696073,0.06326262436643514
31,2015-04-30,136590,57971924,3975229.458502604,6779.0,6021205.999999006,0.004824360341143818,-0.9459085526099427,0.10887929416181716
31,2015-05-31,140321,57427342,4177838.9466312868,6643.0,6130891.0000003725,-0.1640068767826692,-1.0035833175303428,0.09611413553594894
31,2015-06-30,142544,58327023,3974027.1797171272,6286.0,5026569.000000053,-0.1275233370200724,-1.1549795754463927,0.06260559414304487
31,2015-07-31,141705,57303394,3998253.418157051,6030.0,4668084.000000002,-0.1798846888727094,-1.2635438388259692,0.03857706025905763
31,2015-08-31,142014,53185277,3952837.3994480534,5933.0,4775560.000000033,-0.22503279540325816,-1.3046795167471368,0.02947249859207809
31,2015-09-30,125612,47497632,3839037.521691952,5619.0,5682051.9999995995,-0.2701926920267436,-1.4378403710486487,0.0
31,2015-10-31,149654,56268745,4488768.617838064,5977.0,5653395.999999854,-0.10633892958663216,-1.2860200339787722,0.0336024028533884
32,2013-01-31,663,9385403,639820.75,1036.0,669589.0,,1.7886996950445495,0.7668393782383419
32,2013-02-28,1578,10486606,688386.51666667,1144.0,728489.00000002,,2.0370869915012144,0.846780162842339
32,2013-03-31,2588,11628264,797407.399358975,1351.0,933667.000000005,,2.513162643043155,1.0
32,2013-04-30,2846,9989118,644865.85,1046.0,677235.0,,1.811698518790537,0.7742413027387121
32,2013-05-31,3696,10334941,648534.338888891,1157.0,750121.000000007,,2.0669854623709982,0.8564026646928201
32,2013-06-30,4360,10488873,636291.450000003,1218.0,809799.000000009,,2.2072782872215218,0.9015544041450777
32,2013-07-31,867,2942567,215789.043333333,385.0,275909.999999999,,0.29147626918076486,0.2849740932642487
32,2013-08-31,752,2775309,183851.083333333,306.0,205810.999999999,,0.10978556158746378,0.22649888971132495
32,2013-09-30,520,1970604,128729.5,229.0,135116.0,,-0.06730538125663979,0.1695040710584752
32,2013-10-31,627,2989644,147648.6,278.0,149394.0,,0.045388855098698846,0.20577350111028866
32,2013-11-30,627,2572912,167169.0,288.0,183215.0,,0.06838767884468633,0.21317542561065878
32,2013-12-31,660,2690399,200158.0,343.0,254478.0,,0.19488120944761744,0.2538860103626943
32,2014-01-31,0,0,0.0,0.0,0.0,-1.0,-0.5939784450397531,0.0
32,2014-02-28,0,0,0.0,0.0,0.0,-1.0,-0.5939784450397531,0.0
32,2014-03-31,0,0,0.0,0.0,0.0,-1.0,-0.5939784450397531,0.0
32,2014-04-30,0,0,0.0,0.0,0.0,-1.0,-0.5939784450397531,0.0
32,2014-05-31,0,0,0.0,0.0,0.0,-1.0,-0.5939784450397531,0.0
32,2014-06-30,0,0,0.0,0.0,0.0,-1.0,-0.5939784450397531,0.0
32,2014-07-31,0,0,0.0,0.0,0.0,-1.0,-0.5939784450397531,0.0
32,2014-08-31,0,0,0.0,0.0,0.0,-1.0,-0.5939784450397531,0.0
32,2014-09-30,0,0,0.0,0.0,0.0,-1.0,-0.5939784450397531,0.0
32,2014-10-31,0,0,0.0,0.0,0.0,-1.0,-0.5939784450397531,0.0
32,2014-11-30,0,0,0.0,0.0,0.0,-1.0,-0.5939784450397531,0.0
32,2014-12-31,0,0,0.0,0.0,0.0,-1.0,-0.5939784450397531,0.0
32,2015-01-31,0,0,0.0,0.0,0.0,,-0.5939784450397531,0.0
32,2015-02-28,0,0,0.0,0.0,0.0,,-0.5939784450397531,0.0
32,2015-03-31,0,0,0.0,0.0,0.0,,-0.5939784450397531,0.0
32,2015-04-30,0,0,0.0,0.0,0.0,,-0.5939784450397531,0.0
32,2015-05-31,0,0,0.0,0.0,0.0,,-0.5939784450397531,0.0
32,2015-06-30,0,0,0.0,0.0,0.0,,-0.5939784450397531,0.0
32,2015-07-31,0,0,0.0,0.0,0.0,,-0.5939784450397531,0.0
32,2015-08-31,0,0,0.0,0.0,0.0,,-0.5939784450397531,0.0
32,2015-09-30,0,0,0.0,0.0,0.0,,-0.5939784450397531,0.0
32,2015-10-31,0,0,0.0,0.0,0.0,,-0.5939784450397531,0.0
33,2013-01-31,0,0,0.0,0.0,0.0,,-0.7470501906759309,0.0
33,2013-02-28,0,0,0.0,0.0,0.0,,-0.7470501906759309,0.0
33,2013-03-31,0,0,0.0,0.0,0.0,,-0.7470501906759309,0.0
33,2013-04-30,0,0,0.0,0.0,0.0,,-0.7470501906759309,0.0
33,2013-05-31,0,0,0.0,0.0,0.0,,-0.7470501906759309,0.0
33,2013-06-30,0,0,0.0,0.0,0.0,,-0.7470501906759309,0.0
33,2013-07-31,0,0,0.0,0.0,0.0,,-0.7470501906759309,0.0
33,2013-08-31,0,0,0.0,0.0,0.0,,-0.7470501906759309,0.0
33,2013-09-30,0,0,0.0,0.0,0.0,,-0.7470501906759309,0.0
33,2013-10-31,0,0,0.0,0.0,0.0,,-0.7470501906759309,0.0
33,2013-11-30,0,0,0.0,0.0,0.0,,-0.7470501906759309,0.0
33,2013-12-31,0,0,0.0,0.0,0.0,,-0.7470501906759309,0.0
33,2014-01-31,1787,835396,68969.0,88.0,71674.0,inf,-0.3298844253712678,0.10149942329873125
33,2014-02-28,2238,1115922,68916.16666667,118.0,75827.00000001,inf,-0.18766882356285988,0.13610149942329874
33,2014-03-31,1800,904239,51708.0,83.0,55159.0,inf,-0.3535870256726691,0.09573241061130335
33,2014-04-30,2484,1191332,93007.0,126.0,93446.0,inf,-0.14974466308061776,0.1453287197231834
33,2014-05-31,2052,1007645,84723.0,101.0,85836.0,inf,-0.26825766458762434,0.11649365628604383
33,2014-06-30,2345,1059431,176160.505,118.0,201841.0,inf,-0.18766882356285988,0.13610149942329874
33,2014-07-31,2090,1063025,104897.0,99.0,108329.0,inf,-0.2777387047081849,0.11418685121107267
33,2014-08-31,3567,1907390,144607.0,194.0,149893.0,inf,0.17261070101844017,0.223760092272203
33,2014-09-30,8826,4707783,341106.08333333,461.0,370848.99999998,inf,1.4383295571132704,0.5317185697808535
33,2014-10-31,8595,4331982,354770.3,438.0,377933.0,inf,1.3292975957268243,0.5051903114186851
33,2014-11-30,9920,4317427,498316.583333333,487.0,526935.9999999991,inf,1.5615830786805573,0.5617070357554786
33,2014-12-31,17492,7774212,1293279.2666666699,867.0,1408120.00000001,inf,3.3629807015870576,1.0
33,2015-01-31,10923,4808705,496526.93,484.0,505133.57,6.047654240031252,1.5473615184997165,0.558246828143022
33,2015-02-28,15139,6434205,611653.32357143,677.0,696816.00000001,8.18954989647379,2.4622818901338075,0.7808535178777394
33,2015-03-31,6473,2631483,284642.0,260.0,274542.0,3.9772838521365506,0.4854850249969376,0.29988465974625145
33,2015-04-30,1625,785921,66554.0,70.0,51292.0,-0.4511054512766732,-0.4152137864563125,0.08073817762399077
33,2015-05-31,2786,1265896,121018.60999999999,129.0,129785.0,0.5120112773195395,-0.13552310289977698,0.14878892733564014
33,2015-06-30,2621,1157745,136773.0,120.0,145989.0,-0.2767128581408138,-0.17818778344229935,0.1384083044982699
33,2015-07-31,3421,1365555,133604.835,152.0,142661.0,0.31692344616861595,-0.02649114151333091,0.17531718569780855
33,2015-08-31,2902,1185857,94391.41666666667,128.0,97266.00000000003,-0.3510971159427056,-0.14026362296005723,0.14763552479815456
33,2015-09-30,1810,902950,51940.5,78.0,52798.0,-0.8576293855450524,-0.3772896259740704,0.08996539792387544
33,2015-10-31,1788,834408,153710.0,80.0,156057.0,-0.5870776037022435,-0.3678085858535099,0.0922722029988466
34,2013-01-31,0,0,0.0,0.0,0.0,,-0.962217252511456,0.0
34,2013-02-28,0,0,0.0,0.0,0.0,,-0.962217252511456,0.0
34,2013-03-31,0,0,0.0,0.0,0.0,,-0.962217252511456,0.0
34,2013-04-30,0,0,0.0,0.0,0.0,,-0.962217252511456,0.0
34,2013-05-31,0,0,0.0,0.0,0.0,,-0.962217252511456,0.0
34,2013-06-30,0,0,0.0,0.0,0.0,,-0.962217252511456,0.0
34,2013-07-31,0,0,0.0,0.0,0.0,,-0.962217252511456,0.0
34,2013-08-31,0,0,0.0,0.0,0.0,,-0.962217252511456,0.0
34,2013-09-30,0,0,0.0,0.0,0.0,,-0.962217252511456,0.0
34,2013-10-31,0,0,0.0,0.0,0.0,,-0.962217252511456,0.0
34,2013-11-30,0,0,0.0,0.0,0.0,,-0.962217252511456,0.0
34,2013-12-31,0,0,0.0,0.0,0.0,,-0.962217252511456,0.0
34,2014-01-31,1239,656964,88510.0,60.0,88709.0,inf,-0.6447462521680353,0.1054481546572935
34,2014-02-28,1003,430470,82013.5,50.0,87911.0,inf,-0.6976580855586054,0.08787346221441125
34,2014-03-31,1024,429499,53753.0,50.0,55701.0,inf,-0.6976580855586054,0.08787346221441125
34,2014-04-30,1613,951649,82666.0,86.0,88436.0,inf,-0.507175485352553,0.15114235500878734
34,2014-05-31,1256,579158,119193.0,61.0,123191.0,inf,-0.6394550688289783,0.10720562390158173
34,2014-06-30,1084,445252,40266.0,55.0,43274.0,inf,-0.6712021688633203,0.09666080843585237
34,2014-07-31,1249,557973,73202.0,62.0,74005.0,inf,-0.6341638854899212,0.10896309314586995
34,2014-08-31,5765,2851930,421038.0,314.0,428790.0,inf,0.6992143159524458,0.5518453427065027
34,2014-09-30,4803,2502550,282672.25,275.0,330807.0,inf,0.4928581657292223,0.4833040421792619
34,2014-10-31,4117,2051997,228529.0,221.0,259510.0,inf,0.20713426542014365,0.3884007029876977
34,2014-11-30,7269,3335368,472049.33333333,389.0,550881.99999998,inf,1.0960530663817216,0.6836555360281195
34,2014-12-31,11494,4988134,845735.551666667,569.0,899684.010000002,inf,2.0484660674119834,1.0
34,2015-01-31,8645,3567229,423479.14,355.0,444990.0,4.016289215299462,0.9161528328537832,0.6239015817223199
34,2015-02-28,9799,3621453,496669.56999999995,412.0,543412.0,5.1813879946764345,1.2177502831800329,0.7240773286467487
34,2015-03-31,8514,2951997,451655.83499999996,341.0,491546.0,7.8247248702895815,0.842076266106985,0.5992970123022847
34,2015-04-30,8935,3167883,401757.22857143,423.0,590387.0000000501,5.675867293862794,1.27595329990966,0.7434094903339191
34,2015-05-31,10208,3255737,505843.8,439.0,659587.0,4.354181717820295,1.360612233334572,0.7715289982425307
34,2015-06-30,9248,2750440,398312.0,355.0,442255.0,9.219877986781901,0.9161528328537832,0.6239015817223199
34,2015-07-31,11816,4192307,379602.005,450.0,403724.0,4.455361124248362,1.4188152500641993,0.7908611599297012
34,2015-08-31,12567,3621013,573198.41,447.0,535651.0,0.24921523356421557,1.4029417000470281,0.7855887521968365
34,2015-09-30,9256,2637848,433125.999999997,328.0,482825.999999991,0.4595398525423917,0.773290882699244,0.5764499121265377
34,2015-10-31,11568,3577298,532394.636363636,441.0,622309.999999996,1.3980193441485724,1.3711946000126862,0.7750439367311072
35,2013-01-31,3978,15985670,1204349.839166667,1900.0,1414905.000000002,,-0.20149173791016475,0.2922817376634331
35,2013-02-28,4940,19608823,1460959.965793652,2351.0,1713858.999999982,,0.669084286072496,0.4824968367777309
35,2013-03-31,6435,19987943,1582419.4251190433,2433.0,1843920.999999969,,0.8273708358875252,0.5170814002530578
35,2013-04-30,6411,16742297,1077588.10583333,1829.0,1243188.05999999,,-0.33854472616464126,0.26233656684943063
35,2013-05-31,7676,17292013,1179986.6687955153,2159.0,1535170.9999999981,,0.2984621206519398,0.4015183466891607
35,2013-06-30,9489,18447917,1298172.2726162735,2263.0,1695920.9999998533,,0.4992157935880744,0.44538169548713624
35,2013-07-31,12246,20282356,1414087.9147023777,2412.0,1620445.99999999,,0.7868340365446519,0.5082243778996204
35,2013-08-31,13761,20725974,1397724.640416671,2479.0,1592029.0000000128,,0.9161657296862001,0.5364824968367777
35,2013-09-30,12887,17853228,1433004.547397354,2412.0,2274318.950000629,,0.7868340365446519,0.5082243778996204
35,2013-10-31,13499,17006700,1454681.4642857118,2196.0,1832940.9999999611,,0.36988410044652614,0.4171235765499789
35,2013-11-30,14803,17022913,1420464.7114429923,2177.0,2645744.9999997793,,0.33320794866011694,0.40911008013496414
35,2013-12-31,28949,28458426,2870579.9775000312,3456.0,3865467.000000081,,2.8020920610189264,0.948544917756221
35,2014-01-31,22441,15247506,1417770.1503174603,1767.0,1546644.400000001,0.09310830055728037,-0.4582248004150292,0.23618726275832982
35,2014-02-28,25342,16840867,1696119.177272727,2059.0,2098394.999999999,0.2243685157297193,0.1054297428287334,0.35934204976803036
35,2014-03-31,27574,17289572,1897127.1902380902,2166.0,2415357.499999962,0.30990291883437654,0.3119743870995642,0.4044706874736398
35,2014-04-30,25937,15906060,1565155.3085087594,1932.0,1852784.999999983,0.4903497383975823,-0.1397213770067387,0.30577815267819486
35,2014-05-31,28039,15997790,1598833.6477272785,2130.0,2250186.0000000224,0.4657559320753356,0.24248273108320992,0.3892872205820329
35,2014-06-30,28160,15638577,1638193.8166666701,1862.0,1839955.30000001,0.08492984048205618,-0.2748440414829832,0.2762547448334036
35,2014-07-31,32120,16978110,1825921.1130868865,2053.0,2154626.0000000997,0.32964998525104383,0.09384780015934101,0.3568114719527625
35,2014-08-31,33026,16472842,1828479.8472727232,2064.0,2177364.999999987,0.3676666693885409,0.11508136171989371,0.3614508646140869
35,2014-09-30,28418,14227253,1682818.6940476203,1854.0,2159054.500000021,-0.050680864265135725,-0.29028663170883967,0.2728806410797132
35,2014-10-31,29077,14487768,1703420.501388886,1736.0,1913760.999999991,0.04409307228112171,-0.5180648375402233,0.2231126107127794
35,2014-11-30,35997,16725710,2342576.785833326,2312.0,3245828.9999999693,0.22681097384677665,0.5938016587214455,0.4660480809784901
35,2014-12-31,62504,27582107,3787400.449556345,3578.0,4538057.129999861,0.1739997081852635,3.037591561963238,1.0
35,2015-01-31,32923,13129319,1472941.9317132873,1437.0,1585661.050000002,0.02522664550429356,-1.0952316472316104,0.09700548291859974
35,2015-02-28,37832,14320247,1765130.7696428609,1657.0,1995295.99999999,-0.049132313029724685,-0.6705604160205563,0.18979333614508645
35,2015-03-31,33924,12470853,1691259.63833333,1444.0,1919988.99999999,-0.20509117180375147,-1.0817193807839858,0.09995782370307887
35,2015-04-30,32272,11634386,1420042.0216654171,1519.0,1994371.6499998497,0.07641828382670846,-0.936945097416581,0.1315900463939266
35,2015-05-31,34673,11625931,1555076.4123232202,1552.0,2129550.94999985,-0.0536111459231243,-0.8732444127349229,0.14550822437789962
35,2015-06-30,33562,11335920,1244612.9166017289,1346.0,1432735.000000063,-0.22132075708575352,-1.2708911110507282,0.05862505272037115
35,2015-07-31,35809,12532279,1412926.8642857175,1375.0,1557655.000000009,-0.27706478989860095,-1.2149117214819982,0.07085617882749895
35,2015-08-31,43601,13324363,1552007.3154761929,1615.0,1671740.0000000028,-0.23221875983125806,-0.751634014706303,0.1720792914382117
35,2015-09-30,31092,10126697,1385951.6917401887,1207.0,1667390.3899999862,-0.22772195421654712,-1.539206116224985,0.0
35,2015-10-31,39698,12722760,1550309.6142857128,1417.0,1713248.0,-0.10477431612410948,-1.1338381227962515,0.08857022353437369
36,2013-01-31,0,0,0.0,0.0,0.0,,-0.17407765595569782,0.0
36,2013-02-28,0,0,0.0,0.0,0.0,,-0.17407765595569782,0.0
36,2013-03-31,0,0,0.0,0.0,0.0,,-0.17407765595569782,0.0
36,2013-04-30,0,0,0.0,0.0,0.0,,-0.17407765595569782,0.0
36,2013-05-31,0,0,0.0,0.0,0.0,,-0.17407765595569782,0.0
36,2013-06-30,0,0,0.0,0.0,0.0,,-0.17407765595569782,0.0
36,2013-07-31,0,0,0.0,0.0,0.0,,-0.17407765595569782,0.0
36,2013-08-31,0,0,0.0,0.0,0.0,,-0.17407765595569782,0.0
36,2013-09-30,0,0,0.0,0.0,0.0,,-0.17407765595569782,0.0
36,2013-10-31,0,0,0.0,0.0,0.0,,-0.17407765595569782,0.0
36,2013-11-30,0,0,0.0,0.0,0.0,,-0.17407765595569782,0.0
36,2013-12-31,0,0,0.0,0.0,0.0,,-0.17407765595569782,0.0
36,2014-01-31,0,0,0.0,0.0,0.0,,-0.17407765595569782,0.0
36,2014-02-28,0,0,0.0,0.0,0.0,,-0.17407765595569782,0.0
36,2014-03-31,0,0,0.0,0.0,0.0,,-0.17407765595569782,0.0
36,2014-04-30,0,0,0.0,0.0,0.0,,-0.17407765595569782,0.0
36,2014-05-31,0,0,0.0,0.0,0.0,,-0.17407765595569782,0.0
36,2014-06-30,0,0,0.0,0.0,0.0,,-0.17407765595569782,0.0
36,2014-07-31,0,0,0.0,0.0,0.0,,-0.17407765595569782,0.0
36,2014-08-31,0,0,0.0,0.0,0.0,,-0.17407765595569782,0.0
36,2014-09-30,0,0,0.0,0.0,0.0,,-0.17407765595569782,0.0
36,2014-10-31,0,0,0.0,0.0,0.0,,-0.17407765595569782,0.0
36,2014-11-30,0,0,0.0,0.0,0.0,,-0.17407765595569782,0.0
36,2014-12-31,0,0,0.0,0.0,0.0,,-0.17407765595569782,0.0
36,2015-01-31,0,0,0.0,0.0,0.0,,-0.17407765595569782,0.0
36,2015-02-28,0,0,0.0,0.0,0.0,,-0.17407765595569782,0.0
36,2015-03-31,0,0,0.0,0.0,0.0,,-0.17407765595569782,0.0
36,2015-04-30,0,0,0.0,0.0,0.0,,-0.17407765595569782,0.0
36,2015-05-31,0,0,0.0,0.0,0.0,,-0.17407765595569782,0.0
36,2015-06-30,0,0,0.0,0.0,0.0,,-0.17407765595569782,0.0
36,2015-07-31,0,0,0.0,0.0,0.0,,-0.17407765595569782,0.0
36,2015-08-31,0,0,0.0,0.0,0.0,,-0.17407765595569782,0.0
36,2015-09-30,0,0,0.0,0.0,0.0,,-0.17407765595569782,0.0
36,2015-10-31,10098,3427780,356819.0,330.0,377714.0,inf,5.744562646538029,1.0
37,2013-01-31,3026,18242682,1220005.5,1959.0,1312509.0,,1.4443935790098703,0.6944609886837403
37,2013-02-28,3939,18474943,1364350.425714283,2182.0,1603890.000000039,,1.9646991717527833,0.8272781417510423
37,2013-03-31,5959,22105156,1518659.664761907,2472.0,1736131.0000000051,,2.6413297632121773,1.0
37,2013-04-30,5886,16968978,1081140.58333334,1832.0,1167252.00000003,,1.1480760441293771,0.6188207266229899
37,2013-05-31,6973,15961910,1051417.4833333301,1857.0,1176839.99999999,,1.206406267531049,0.6337105419892793
37,2013-06-30,6424,13566082,876109.3195698999,1679.0,1210088.0000001402,,0.7910950769111451,0.5276950565812983
37,2013-07-31,7641,14462367,905593.2933333302,1605.0,1003501.99999999,,0.6184376156421963,0.4836212030970816
37,2013-08-31,8516,13716117,1004459.948333329,1655.0,1121117.999999986,,0.7350980624455401,0.5134008338296605
37,2013-09-30,9132,13684396,1178509.807997206,1851.0,1786853.000000148,,1.1924070139146477,0.6301369863013698
37,2013-10-31,7936,11437769,831897.0221428571,1391.0,1020395.999999999,,0.11913090332388504,0.3561643835616438
37,2013-11-30,8129,10304760,862109.261904762,1268.0,1562020.000000002,,-0.1678537958123406,0.2829064919594997
37,2013-12-31,14004,14629787,1610932.218681317,1888.0,1976684.999999979,,1.278735744549122,0.6521739130434783
37,2014-01-31,13588,9038736,881065.948333333,1048.0,955217.999999998,-0.272219847635332,-0.6811597617470532,0.15187611673615248
37,2014-02-28,14638,9364100,1068155.246666667,1127.0,1232613.000000001,-0.23148532630045024,-0.49683625579777,0.19892793329362715
37,2014-03-31,16040,9836472,1107284.548682983,1245.0,1289136.999999969,-0.2574655944741697,-0.22151760134187876,0.2692078618225134
37,2014-04-30,14367,8689347,857097.603868093,1111.0,1021866.9999999941,-0.12455322415385216,-0.53416759877484,0.1893984514592019
37,2014-05-31,16023,10041385,885654.041958041,1184.0,1235399.999999992,0.049760375242176164,-0.36384334644195815,0.2328767123287671
37,2014-06-30,16226,8996862,900467.66,1027.0,954034.0,-0.21159948697955067,-0.7301571494044575,0.13936867182846932
37,2014-07-31,15624,8229551,836933.65,1034.0,977618.0,-0.025793670565669273,-0.7138246868519894,0.14353782013103036
37,2014-08-31,19799,10018036,1154332.8266666671,1229.0,1472208.000000001,0.31316061288822344,-0.2588489443189488,0.2596783799880881
37,2014-09-30,18738,9629833,1100629.5,1178.0,1405571.0,-0.2133818506615354,-0.3778426000583594,0.22930315664085765
37,2014-10-31,17534,9291185,977702.333333333,1036.0,1138253.999999999,0.11550221678642433,-0.7091582689798557,0.14472900536033353
37,2014-11-30,21168,9106137,1577049.4101205799,1433.0,2360677.00000011,0.511297550607615,0.2171256786386938,0.38117927337701013
37,2014-12-31,33824,14994875,2310081.3333333363,1851.0,2718874.000000007,0.37547155970730584,1.1924070139146477,0.6301369863013698
37,2015-01-31,21395,8043683,1084043.616666667,930.0,1171281.000000001,0.22619234562163124,-0.9564784162029445,0.08159618820726623
37,2015-02-28,23127,8514150,1024355.0989898971,1018.0,1184654.999999971,-0.03890758899997809,-0.7511560298290595,0.13400833829660513
37,2015-03-31,20139,7793778,881060.333333333,843.0,978099.999999999,-0.24127536483707904,-1.1594675936407626,0.029779630732578916
37,2015-04-30,20272,7038189,834724.8394372299,1057.0,1395038.9100001298,0.3651863794409037,-0.6601608813224513,0.15723645026801666
37,2015-05-31,20666,6780236,857469.83333333,979.0,1457547.99999985,0.17981868220807787,-0.8421511783356675,0.11078022632519356
37,2015-06-30,20961,6470473,810560.916666667,793.0,916916.000000001,-0.03890637021321981,-1.2761280404441064,0.0
37,2015-07-31,24364,7844780,852786.886666667,908.0,970040.000000001,-0.007751493937303683,-1.0078090127964157,0.0684931506849315
37,2015-08-31,29922,8591925,1076682.5133333371,1154.0,1240472.120000021,-0.15740702400746343,-0.4338396145239644,0.21500893388921977
37,2015-09-30,22015,6617580,1204075.41666666,827.0,1373501.99999997,-0.02281563862660089,-1.1967989366178327,0.02025014889815366
37,2015-10-31,22671,6856159,944517.354408864,907.0,1181289.999999976,0.03780878433106933,-1.0101422217324827,0.06789755807027993
38,2013-01-31,3294,12425342,1432163.1383333332,1551.0,1581707.899999999,,-0.02790214042541835,0.2804583835946924
38,2013-02-28,3958,13158045,1451854.9141666738,1768.0,1672607.000000022,,0.5775743068061598,0.41133896260554886
38,2013-03-31,5253,14651395,1627714.800302197,1930.0,1891914.999999993,,1.0295889816979371,0.5090470446320868
38,2013-04-30,5038,11160329,1172123.321428571,1368.0,1316525.999999997,,-0.5385113102105742,0.1700844390832328
38,2013-05-31,5611,11128769,1175591.4047619414,1378.0,1352865.00000011,,-0.5106091697851558,0.17611580217129072
38,2013-06-30,6919,12727793,1200662.1540322602,1642.0,1565569.40000006,,0.22600733744588863,0.3353437876960193
38,2013-07-31,8399,13820731,1190182.210833333,1637.0,1338480.999999999,,0.21205626723317947,0.3323281061519904
38,2013-08-31,9637,12947194,1257878.2054761902,1715.0,1450167.999999994,,0.42969296255144257,0.379372738238842
38,2013-09-30,8933,12038291,1268881.38843103,1734.0,1984345.0000001,,0.4827070293597374,0.390832328106152
38,2013-10-31,9614,11583702,1269800.143611113,1525.0,1576922.8299999991,,-0.10044770553150606,0.2647768395657419
38,2013-11-30,10460,11497552,1176770.990601552,1596.0,2328735.0000006575,,0.09765749148896423,0.30759951749095293
38,2013-12-31,21804,19836237,2617441.7202381305,2744.0,3693500.5000001104,,3.300823212326991,1.0
38,2014-01-31,18865,11378817,1440259.8499999966,1425.0,1581821.999999991,7.213721319337416e-05,-0.37946910978568954,0.20446320868516285
38,2014-02-28,19643,11103123,1487661.826666666,1530.0,1861618.999999997,0.11300442961196062,-0.08649663531879688,0.2677925211097708
38,2014-03-31,20127,12076517,1419199.0100840298,1537.0,1774782.00000002,-0.06191240092708891,-0.06696513702100404,0.2720144752714113
38,2014-04-30,19578,11249778,1326882.450621121,1389.0,1520042.0000000151,0.15458562914824214,-0.4799168153171956,0.18275030156815442
38,2014-05-31,23143,12671666,1561892.9064285802,1794.0,1953717.0000000664,0.44413300661921745,0.6501198719122475,0.4270205066344994
38,2014-06-30,21688,11320183,1486041.5983333332,1488.0,1618412.999999999,0.03375359789220271,-0.20368562510555396,0.24246079613992763
38,2014-07-31,26454,13372024,1695958.11333333,1679.0,1975834.99999999,0.47617709926401,0.3292452570199365,0.3576598311218335
38,2014-08-31,26846,12624348,1597525.8766666702,1650.0,1868140.00000002,0.28822315759279465,0.2483290497862233,0.3401688781664656
38,2014-09-30,24125,11475010,1765874.722857133,1476.0,2424377.9999999586,0.22175226586094482,-0.23716819361605596,0.23522316043425814
38,2014-10-31,21304,9974258,1319972.7,1251.0,1481363.0,-0.06059892607427035,-0.8649663531879689,0.09951749095295537
38,2014-11-30,24461,10545903,2120409.047843813,1632.0,3016801.000000029,0.29546771101013086,0.19810519702047028,0.3293124246079614
38,2014-12-31,49807,20021184,3631292.798055535,2734.0,4457095.679999939,0.2067402400513567,3.2729210719015724,0.9939686369119421
38,2015-01-31,27229,10158958,1442317.480000004,1161.0,1548421.000000012,-0.021115523744124814,-1.116085617016734,0.04523522316043426
38,2015-02-28,31676,11289578,1577163.1646969698,1374.0,1754524.00000003,-0.05752788298785472,-0.5217700259553232,0.17370325693606756
38,2015-03-31,33371,11632429,1724124.516666667,1420.0,1937491.850000001,0.09167878083053534,-0.39342017999839873,0.2014475271411339
38,2015-04-30,26150,8589251,1303097.05011224,1289.0,1892797.9999997201,0.2452274345049027,-0.7589382195713791,0.1224366706875754
38,2015-05-31,31698,10339269,1668227.82214286,1335.0,2101434.50000002,0.07560844277853376,-0.6305883736144547,0.15018094089264172
38,2015-06-30,28523,9076154,1309478.64318182,1086.0,1444552.00000002,-0.10742684345712691,-1.3253516702073715,0.0
38,2015-07-31,33892,10978626,1382984.0300000003,1318.0,1557889.0,-0.2115287966859541,-0.6780220123376659,0.1399276236429433
38,2015-08-31,41969,11769750,1723632.9147839746,1684.0,1919960.7499999686,0.02773922189982977,0.3431963272326457,0.3606755126658625
38,2015-09-30,28627,8682864,1306643.939696973,1115.0,1622032.0000000491,-0.3309492166650263,-1.2444354629736585,0.017490952955367914
38,2015-10-31,30744,9674723,1403149.183333333,1119.0,1563620.999999999,0.055528590899056526,-1.233274606803491,0.019903498190591073
39,2013-01-31,0,0,0.0,0.0,0.0,,-1.20877009339082,0.0
39,2013-02-28,0,0,0.0,0.0,0.0,,-1.20877009339082,0.0
39,2013-03-31,0,0,0.0,0.0,0.0,,-1.20877009339082,0.0
39,2013-04-30,0,0,0.0,0.0,0.0,,-1.20877009339082,0.0
39,2013-05-31,0,0,0.0,0.0,0.0,,-1.20877009339082,0.0
39,2013-06-30,0,0,0.0,0.0,0.0,,-1.20877009339082,0.0
39,2013-07-31,0,0,0.0,0.0,0.0,,-1.20877009339082,0.0
39,2013-08-31,0,0,0.0,0.0,0.0,,-1.20877009339082,0.0
39,2013-09-30,0,0,0.0,0.0,0.0,,-1.20877009339082,0.0
39,2013-10-31,0,0,0.0,0.0,0.0,,-1.20877009339082,0.0
39,2013-11-30,0,0,0.0,0.0,0.0,,-1.20877009339082,0.0
39,2013-12-31,0,0,0.0,0.0,0.0,,-1.20877009339082,0.0
39,2014-01-31,3655,2124225,139532.375,238.0,152429.0,inf,-0.605019238769592,0.17271407837445574
39,2014-02-28,4345,2457589,233359.0,257.0,236634.0,inf,-0.5568206411317629,0.18650217706821481
39,2014-03-31,10120,6460034,706380.5524025899,789.0,1022831.9999999299,inf,0.7927400927274528,0.5725689404934688
39,2014-04-30,9031,5762625,534125.291666667,660.0,624897.0000000009,inf,0.4654969824495603,0.47895500725689405
39,2014-05-31,10810,6874000,636267.214285714,758.0,725331.999999998,inf,0.7141002755288895,0.5500725689404935
39,2014-06-30,10102,5962876,691158.75,669.0,747718.0,inf,0.48832789712011093,0.48548621190130625
39,2014-07-31,10659,6010329,535939.58333333,693.0,586297.99999996,inf,0.5492103362415793,0.5029027576197388
39,2014-08-31,11493,6061558,588837.59333333,760.0,669158.99999999,inf,0.7191738121223452,0.5515239477503628
39,2014-09-30,10691,5519905,622697.25,673.0,746448.0,inf,0.4984749703070223,0.488388969521045
39,2014-10-31,10128,5196623,598972.1416666701,627.0,666094.00000002,inf,0.3817836286575413,0.45500725689404936
39,2014-11-30,13977,6575890,826618.38334914,893.0,1192647.99999986,inf,1.056563995587149,0.6480406386066764
39,2014-12-31,23458,10630676,1482523.1349999998,1378.0,1664401.0,inf,2.286896619500156,1.0
39,2015-01-31,14496,6087662,607002.6416666671,661.0,652753.0000000009,3.2823412867630237,0.46803375074628817,0.4796806966618287
39,2015-02-28,16295,6655062,627698.88714286,763.0,711059.00000002,2.004889407270384,0.7267841170125288,0.5537010159651669
39,2015-03-31,18122,7402179,673095.0,779.0,780916.0,-0.236515869663783,0.7673724097601743,0.5653120464441219
39,2015-04-30,16636,6220628,695561.644607847,825.0,1013698.000000024,0.6221841359456398,0.8840637514096554,0.5986937590711175
39,2015-05-31,16835,6209788,854716.333333333,808.0,1198123.999999999,0.6518284040963342,0.8409386903652819,0.5863570391872278
39,2015-06-30,14999,5593544,563147.174242427,621.0,654428.000000001,-0.12476628889500982,0.3665630188771742,0.4506531204644412
39,2015-07-31,18287,7142701,656675.1466666671,731.0,724722.000000001,0.23609836635985548,0.6456075315172376,0.530478955007257
39,2015-08-31,23561,8258380,757056.479999999,957.0,926982.999999997,0.38529557250221674,1.2189171665777314,0.6944847605224964
39,2015-09-30,17689,6008846,680659.499426847,718.0,893022.9999999909,0.19636330996933601,0.6126295436597755,0.521044992743106
39,2015-10-31,19881,6920010,887114.888888896,943.0,1079127.000000048,0.6200821505673606,1.1834024104235417,0.6843251088534107
40,2013-01-31,0,0,0.0,0.0,0.0,,-0.682041178849747,0.0
40,2013-02-28,0,0,0.0,0.0,0.0,,-0.682041178849747,0.0
40,2013-03-31,0,0,0.0,0.0,0.0,,-0.682041178849747,0.0
40,2013-04-30,0,0,0.0,0.0,0.0,,-0.682041178849747,0.0
40,2013-05-31,0,0,0.0,0.0,0.0,,-0.682041178849747,0.0
40,2013-06-30,0,0,0.0,0.0,0.0,,-0.682041178849747,0.0
40,2013-07-31,0,0,0.0,0.0,0.0,,-0.682041178849747,0.0
40,2013-08-31,0,0,0.0,0.0,0.0,,-0.682041178849747,0.0
40,2013-09-30,0,0,0.0,0.0,0.0,,-0.682041178849747,0.0
40,2013-10-31,0,0,0.0,0.0,0.0,,-0.682041178849747,0.0
40,2013-11-30,0,0,0.0,0.0,0.0,,-0.682041178849747,0.0
40,2013-12-31,0,0,0.0,0.0,0.0,,-0.682041178849747,0.0
40,2014-01-31,2183,1550751,106774.0,131.0,112259.0,inf,-0.06547706060400452,0.13192346424974824
40,2014-02-28,2319,1599170,115478.0,132.0,120503.0,inf,-0.06077046428151793,0.13293051359516617
40,2014-03-31,5487,4768960,298775.0,403.0,312555.0,inf,1.2147171391123466,0.40584088620342396
40,2014-04-30,3820,3209627,189065.0,282.0,197741.0,inf,0.6452189840914697,0.283987915407855
40,2014-05-31,4814,3894861,267146.0,332.0,281326.0,inf,0.880548800215799,0.33434038267875127
40,2014-06-30,5528,4159099,271618.0,355.0,277040.0,inf,0.9888005156329903,0.35750251762336355
40,2014-07-31,6294,4723430,306820.0,377.0,320973.0,inf,1.0923456347276952,0.3796576032225579
40,2014-08-31,5853,4036098,263184.0,351.0,271908.0,inf,0.969974130343044,0.35347432024169184
40,2014-09-30,5977,4006560,321622.0,336.0,333672.0,inf,0.8993751855057452,0.338368580060423
40,2014-10-31,6659,4240671,310052.45,395.0,344421.0,inf,1.1770643685324538,0.39778449144008055
40,2014-11-30,7396,4461947,338455.0,413.0,340029.0,inf,1.2617831023372124,0.4159113796576032
40,2014-12-31,17652,10620654,866117.92,993.0,932991.0,inf,3.991608969379431,1.0
40,2015-01-31,4368,2606516,182078.0,197.0,191667.0,0.7073642202406933,0.24515829668011005,0.19838872104733132
40,2015-02-28,912,491117,46799.0,42.0,53101.0,-0.5593387716488386,-0.48436413330531053,0.04229607250755287
40,2015-03-31,552,284314,29663.0,25.0,31667.0,-0.8986834317160179,-0.5643762707875825,0.025176233635448138
40,2015-04-30,528,276572,19234.0,22.0,19234.0,-0.9027313506050845,-0.5784960597550421,0.022155085599194362
40,2015-05-31,624,296148,29910.0,32.0,31328.0,-0.8886416470571508,-0.5314300965301764,0.032225579053373615
40,2015-06-30,456,276473,23118.0,22.0,23957.0,-0.9135251227259602,-0.5784960597550421,0.022155085599194362
40,2015-07-31,576,311953,26693.0,26.0,26703.0,-0.9168060864932565,-0.5596696744650959,0.026183282980866064
40,2015-08-31,552,334076,22553.0,27.0,22867.0,-0.9159017020462804,-0.5549630781426093,0.027190332326283987
40,2015-09-30,312,218400,12133.0,14.0,12482.0,-0.9625920065213743,-0.6161488303349348,0.014098690835850957
40,2015-10-31,408,236373,16040.0,20.0,19643.0,-0.9429680536320375,-0.5879092524000153,0.02014098690835851
41,2013-01-31,4035,15162745,1408219.15,1700.0,1531661.0,,0.4645485263162956,0.4384912130304329
41,2013-02-28,4744,16177842,1568444.3883333402,2038.0,1755377.50000001,,1.0579891292983845,0.5833690527218174
41,2013-03-31,5843,16567351,1332266.398333333,1994.0,1555168.9999999967,,0.9807365064249765,0.5645092156022289
41,2013-04-30,5690,14199189,1101134.375,1628.0,1223924.0,,0.3381351434325371,0.4076296613801972
41,2013-05-31,6746,14569493,1030978.015,1737.0,1194847.0,,0.529510959187116,0.4543506215173596
41,2013-06-30,8700,16934402,1281395.5702381,2106.0,1609237.00000005,,1.1773795464663785,0.6125160737248179
41,2013-07-31,10452,18221995,1306223.0333333332,2087.0,1454442.999999999,,1.144020459316498,0.6043720531504501
41,2013-08-31,12201,18027324,1305631.1258333344,2189.0,1433453.000000004,,1.3231060850684893,0.6480925846549507
41,2013-09-30,11851,17008897,1379888.6808448602,2179.0,1968100.50000017,,1.3055486707790782,0.6438062580368624
41,2013-10-31,12825,17465627,1209108.686111113,2031.0,1433498.999999999,,1.0456989392957967,0.5803686240891556
41,2013-11-30,13222,15283979,1358755.749215727,1996.0,2307116.000001555,,0.9842479892828586,0.5653664809258465
41,2013-12-31,23995,23358134,2502809.2333333325,3010.0,3364411.999999999,,2.764569798229125,1.0
41,2014-01-31,15599,10928556,990898.583398264,1329.0,1095498.999999956,-0.28476405679849787,-0.18683154382084918,0.27946849549935704
41,2014-02-28,20516,13401779,1215971.0406666659,1710.0,1416656.9999999981,-0.19296162791195054,0.48210594060570655,0.44277753964852123
41,2014-03-31,18092,10996352,1212744.928571397,1425.0,1514651.999999911,-0.026053117056786604,-0.01828036664250444,0.3206172310330047
41,2014-04-30,17001,11071226,939691.821190476,1274.0,1082594.0,-0.11547285615773528,-0.28339732241260923,0.2558936990998714
41,2014-05-31,18587,11133205,1120813.581190476,1396.0,1397826.0000000012,0.16987865391970786,-0.06919686808179609,0.30818688384054865
41,2014-06-30,18867,10497257,1039172.57166667,1251.0,1156103.0000000198,-0.28158313536167523,-0.3237793752782543,0.24603514787826833
41,2014-07-31,17553,9638898,891801.775,1166.0,1010217.0,-0.3054268885064587,-0.47301739673824705,0.20960137162451778
41,2014-08-31,20660,11449386,1118262.998333333,1313.0,1385827.999999999,-0.0332239703708491,-0.21492340668390666,0.2726103729104158
41,2014-09-30,17947,9200686,1110210.237777773,1194.0,1439808.9999999988,-0.2684270950594878,-0.4238566367278965,0.22160308615516502
41,2014-10-31,14889,8106820,757315.5,879.0,837276.0,-0.4159214621007754,-0.9769151868443402,0.08658379768538363
41,2014-11-30,21105,9967108,1187150.4269298268,1295.0,1558011.020000041,-0.32469324472675365,-0.24652675240484628,0.26489498499785685
41,2014-12-31,34078,15794860,1980355.08333333,1917.0,2261437.9999999898,-0.32783559207374413,0.8455444163965125,0.531504500642949
41,2015-01-31,18981,7523539,778818.66666667,854.0,865387.00000001,-0.21005222277697672,-1.0208087225678675,0.07586798114016288
41,2015-02-28,20770,7951489,723362.5866666669,874.0,787149.500000001,-0.4443612674062938,-0.9856938939890457,0.08444063437633947
41,2015-03-31,20168,7341355,780920.5,831.0,851061.0,-0.4381144975875317,-1.0611907754335126,0.06600942991855979
41,2015-04-30,16309,5656900,662032.859721354,775.0,957430.9999997121,-0.1156139790173305,-1.1595122954542136,0.04200600085726532
41,2015-05-31,20672,7583639,763517.1816666629,908.0,1030947.999999941,-0.26246328226836524,-0.9259986854050486,0.09901414487783969
41,2015-06-30,18095,6132285,724798.48,683.0,771218.0,-0.33291583881368114,-1.321040506916794,0.002571795970852979
41,2015-07-31,19680,7059547,571842.9400000001,743.0,585410.0,-0.4205106427628915,-1.2156960211803287,0.02828975567938277
41,2015-08-31,24010,7571107,877408.392857143,895.0,972759.9999999889,-0.29806584944164094,-0.9488233239812828,0.09344192027432491
41,2015-09-30,17633,5539807,819962.9298245499,677.0,962257.99999988,-0.33167663210892506,-1.3315749554904406,0.0
41,2015-10-31,20749,6824826,808483.5,720.0,858405.0,0.02523540624596907,-1.2560780740459736,0.018431204457779682
42,2013-01-31,6820,32231864,2371750.983333333,3761.0,2797225.999999999,,-0.5426859660625359,0.10522088353413654
42,2013-02-28,8610,32659607,2521902.765000001,4056.0,3191120.500000137,,-0.16693418920161945,0.18420348058902275
42,2013-03-31,11139,35838413,2743701.1791867362,4562.0,3814758.9999998473,,0.47757563822761356,0.3196787148594378
42,2013-04-30,12990,33944472,2393483.360714284,4008.0,2966041.999999997,,-0.22807346136881942,0.1713520749665328
42,2013-05-31,14152,32594277,2187963.2558151,4131.0,3153845.999999978,,-0.0714040764403695,0.2042838018741633
42,2013-06-30,16264,33389124,2387627.022469896,4397.0,3741247.9999997634,,0.2674093901528637,0.2755020080321285
42,2013-07-31,19563,35085758,2247653.1320057693,4088.0,2695974.000000016,,-0.12617467442348615,0.1927710843373494
42,2013-08-31,21379,35217673,2454816.3992857104,4313.0,3004350.9999999925,,0.1604156638602637,0.25301204819277107
42,2013-09-30,22054,32498979,2615030.4429533393,4926.0,5527958.000000819,,0.94121511882888,0.4171352074966533
42,2013-10-31,23935,32964908,2500851.630207887,4245.0,3620448.999999885,,0.07380169495673043,0.23480589022757697
42,2013-11-30,25707,32034199,2638371.136427716,4419.0,5825558.000001072,,0.2954315565628303,0.2813922356091031
42,2013-12-31,49180,52670384,4534228.03837909,6826.0,7908820.999999816,,3.3613113087805457,0.9258366800535476
42,2014-01-31,41621,31202736,2675025.991825393,3685.0,3167748.999999986,0.13246087373704774,-0.6394898136606025,0.08487282463186077
42,2014-02-28,41639,29116664,2599221.024509808,3523.0,3391962.0000000224,0.06293761078589068,-0.8458348572249025,0.041499330655957165
42,2014-03-31,46020,31134727,2840683.653574106,4105.0,4572970.000000015,0.19875724783667803,-0.10452118219760283,0.19732262382864793
42,2014-04-30,46287,30798093,2583440.220377954,3851.0,3399472.9999998617,0.14613110670714202,-0.428049830749036,0.12931726907630522
42,2014-05-31,49750,32285386,2684764.464598198,4018.0,4108250.9999999627,0.3026162342739599,-0.21533611300065278,0.17402945113788487
42,2014-06-30,51978,32981631,2605687.7476190487,3681.0,3016842.000000031,-0.19362683254351973,-0.6445847530078692,0.08380187416331995
42,2014-07-31,52065,31950656,2699562.7843130473,3773.0,3849091.9999999106,0.4277185165731895,-0.527401148020736,0.10843373493975904
42,2014-08-31,58607,33973098,3010485.1924828026,4007.0,3951707.9999999185,0.315328335470765,-0.2293471962056361,0.1710843373493976
42,2014-09-30,52327,29255455,2839976.996505987,3766.0,4585883.659999762,-0.17041995253960276,-0.5363172918784527,0.10655957161981258
42,2014-10-31,55979,29630115,2797986.735687654,3652.0,3482608.0000000736,-0.03807290200740731,-0.6815230632755526,0.07603748326639893
42,2014-11-30,67165,34397593,3896922.41084491,4970.0,6844624.000000141,0.17493019552785866,0.9972594516488134,0.42891566265060244
42,2014-12-31,114111,56276673,6717731.9605411105,7103.0,10436388.999999788,0.3195884696340998,3.714135858578762,1.0
42,2015-01-31,69745,29359669,3117362.7180952462,3368.0,3856224.000000076,0.21733887375549418,-1.0432637569314858,0.0
42,2015-02-28,74957,32044554,3102665.6474575386,3830.0,4491410.889999766,0.3241336105769275,-0.454798262322186,0.12369477911646587
42,2015-03-31,80046,32568484,3199481.7564391345,3804.0,4616870.000000025,0.00959988803775448,-0.4879153680794193,0.11673360107095047
42,2015-04-30,71281,28470713,2732188.915143306,4105.0,5134614.999999309,0.5104149966772843,-0.10452118219760283,0.19732262382864793
42,2015-05-31,77114,29994814,2956683.40965474,4394.0,6794956.499999092,0.6539779336752194,0.26358818564241365,0.2746987951807229
42,2015-06-30,79932,30743375,2785346.192198311,3692.0,3976996.999999542,0.3182649273642772,-0.6305736698028859,0.08674698795180723
42,2015-07-31,83648,31234460,2694246.951190469,3498.0,3170988.999999982,-0.17617219853408142,-0.8776782281453192,0.03480589022757698
42,2015-08-31,89795,30922548,3037909.4422990507,3932.0,3950373.0000001118,-0.00033782860469619164,-0.32487730896688605,0.15100401606425704
42,2015-09-30,78248,27042568,2930724.4773525815,3654.0,4681807.000000275,0.02091708972846424,-0.6789755936019193,0.07657295850066935
42,2015-10-31,91706,31118257,3516280.613973271,4217.0,5707596.000000042,0.6388855708135746,0.03813711952586377,0.22730923694779118
43,2013-01-31,3245,13789754,1401004.916666666,1711.0,1609625.499999998,,0.2343450593097183,0.5005851375073143
43,2013-02-28,4234,13677235,1424386.806464644,1931.0,1804162.999999976,,0.46393262232696697,0.5649502633118783
43,2013-03-31,5091,16130456,1565558.579091969,2267.0,2128578.9999999953,,0.8145754458442195,0.6632533645406671
43,2013-04-30,6223,15771932,1412917.158333333,1899.0,1659429.999999999,,0.43053806770627623,0.5555880631948508
43,2013-05-31,6761,14520864,1226282.045790379,2011.0,1819321.489999831,,0.5474190088786938,0.5883557636044471
43,2013-06-30,8374,16140601,1432548.00692641,2170.0,2170624.00000021,,0.7133482021502507,0.6348741954359275
43,2013-07-31,9174,15459882,1250385.8376190392,1900.0,1470052.999999958,,0.43158164753817285,0.5558806319485079
43,2013-08-31,10390,15439319,1321756.7911274529,2085.0,1648337.500000039,,0.624643916439041,0.6100058513750731
43,2013-09-30,11720,15065722,1614118.45946609,2512.0,3345727.99999954,,1.0702525046588827,0.7349327091866589
43,2013-10-31,12277,15123177,1605870.877777778,2134.0,2213776.6000000024,,0.6757793282019736,0.6243417203042715
43,2013-11-30,12991,15023715,1528654.013432622,2161.0,3361208.999998439,,0.7039559836631815,0.6322410766530134
43,2013-12-31,26647,26379817,2993524.85369922,3418.0,4622842.000000113,,2.0157358323571883,1.0
43,2014-01-31,19794,13250747,1379814.6800000002,1602.0,1575565.0,-0.02116051218124834,0.12059485763299058,0.4686951433586893
43,2014-02-28,21650,13761550,1540129.7201190449,1837.0,2130270.879999976,0.1807530029160361,0.365836118128688,0.53744880046811
43,2014-03-31,21423,13352218,1896908.577556877,1873.0,2988274.9999997807,0.4038825902161899,0.40340499207696506,0.547981275599766
43,2014-04-30,22272,13782769,1515434.1364199198,1815.0,2100260.9999999655,0.26565206124992724,0.3428773618269631,0.5310122878876536
43,2014-05-31,23607,14324062,1534683.2747198849,1980.0,2640895.0000000615,0.45158236986488126,0.5150680340898997,0.5792861322410766
43,2014-06-30,23986,13577063,1639216.8479670312,1701.0,2552462.9799999567,0.1759120787385147,0.22390926099075248,0.49765944997074313
43,2014-07-31,20952,11656636,1342797.761666667,1510.0,1872754.000000001,0.273936381885588,0.02458551309850478,0.44177881802223523
43,2014-08-31,25989,13524471,1547317.153846143,1688.0,1881649.9999999588,0.14154413158707738,0.21034272317609687,0.4938560561732007
43,2014-09-30,24590,12245296,1811754.1321744898,1754.0,2790086.999999978,-0.16607476758410672,0.27921899208127143,0.51316559391457
43,2014-10-31,26247,12980461,1590696.5909090978,1655.0,1942894.000000072,-0.12236221125470843,0.17590458872350956,0.4842012873025161
43,2014-11-30,33069,15471397,2398061.4416756434,2637.0,4649685.999999279,0.38333736462131285,1.2006999836459558,0.7715038033937975
43,2014-12-31,53553,24640619,4037503.23499999,3017.0,5151621.99999997,0.11438418185173636,1.597260319766658,0.8826799297834991
43,2015-01-31,13728,6083873,629466.43333333,633.0,704582.99999999,-0.5528061362114607,-0.8906339994748,0.18519602106495026
43,2015-02-28,0,0,0.0,0.0,0.0,-1.0,-1.5512200330653383,0.0
43,2015-03-31,2016,779056,143366.32000000298,120.0,254800.00000000905,-0.9147334164358945,-1.425990453237748,0.03510825043885313
43,2015-04-30,1992,861986,179265.63333333298,110.0,235046.999999999,-0.8880867663590368,-1.4364262515567139,0.03218256290228204
43,2015-05-31,1752,634041,188644.99999999997,84.0,194873.99999999997,-0.9262091071398161,-1.463559327186025,0.024575775307197192
43,2015-06-30,1368,650167,129359.0,67.0,156126.0,-0.9388331971028223,-1.481300184328267,0.01960210649502633
43,2015-07-31,1848,958070,59668.99999999999,86.0,63333.99999999999,-0.9661813564408352,-1.461472167522232,0.02516091281451141
43,2015-08-31,1152,513311,56601.49999999999,59.0,66917.0,-0.9644370632157939,-1.4896488229834397,0.017261556465769455
43,2015-09-30,1344,474132,103489.5,61.0,116788.0,-0.9581418070475936,-1.4875616633196465,0.017846693973083673
43,2015-10-31,984,360416,112634.5,51.0,145376.5,-0.9251752797630779,-1.4979974616386125,0.01492100643651258
44,2013-01-31,3137,16458080,841660.0,1696.0,899106.0,,0.9059344066167622,0.6288056206088993
44,2013-02-28,4397,17425550,907247.95,1803.0,1012913.0,,1.1563933602813097,0.6914519906323185
44,2013-03-31,4942,17312433,930643.13333333,1882.0,1070149.6999999909,,1.341311653173826,0.7377049180327869
44,2013-04-30,5688,15446386,815813.3999999999,1565.0,871506.0,,0.5992977437190451,0.5521077283372365
44,2013-05-31,6107,14881547,711231.027017541,1561.0,849449.9999999991,,0.5899347921801835,0.5497658079625293
44,2013-06-30,7227,15151995,770569.5834502152,1620.0,968928.000000105,,0.728038327378392,0.5843091334894613
44,2013-07-31,8491,15841897,730541.18333333,1657.0,824481.99999999,,0.8146456291128616,0.6059718969555035
44,2013-08-31,9451,16306904,771012.4950000001,1740.0,844007.0,,1.0089268735442396,0.6545667447306791
44,2013-09-30,10190,15204268,935866.3395851,1792.0,1329010.9999997802,,1.1306452435494403,0.6850117096018735
44,2013-10-31,10393,14577479,815597.816666667,1646.0,973169.000000001,,0.7888975123809924,0.5995316159250585
44,2013-11-30,11985,15873621,880583.4978355119,1734.0,1281431.000000196,,0.9948824462359473,0.6510538641686182
44,2013-12-31,18760,22012606,1511013.75,2330.0,1958659.0,,2.3899622255263244,1.0
44,2014-01-31,18950,15184589,1034581.16666667,1499.0,1082312.00000001,0.203764628419797,0.4448090433278289,0.5134660421545667
44,2014-02-28,16677,12662223,871017.046666667,1296.0,940122.0000000009,-0.07186303265926991,-0.03036074726939684,0.3946135831381733
44,2014-03-31,19907,14587902,949354.613214286,1542.0,1077455.610000018,0.0068269981293525754,0.545460772370591,0.5386416861826698
44,2014-04-30,17623,12102048,896584.905182073,1308.0,994787.299999995,0.1414577753910989,-0.0022718926528120663,0.4016393442622951
44,2014-05-31,17504,11466986,843828.7875,1310.0,1079887.0,0.27127788569074246,0.002409583116618729,0.4028103044496487
44,2014-06-30,19136,12205312,920944.694444444,1247.0,979607.999999996,0.011022490835118685,-0.14505690362045132,0.3659250585480094
44,2014-07-31,17869,11168707,828186.277777777,1178.0,945326.999999995,0.1465708165854518,-0.30656781766581376,0.3255269320843091
44,2014-08-31,18496,11237019,771133.71875,1170.0,957218.0,0.1341351434289052,-0.3252937207435369,0.32084309133489464
44,2014-09-30,19117,11019153,1025809.94666666,1191.0,1152164.01999998,-0.13306660366229434,-0.2761382251645136,0.3331381733021077
44,2014-10-31,18895,10587552,951234.72,1091.0,1017974.0,0.04604030749027035,-0.5102120136360534,0.27459016393442626
44,2014-11-30,21568,11314330,1121708.8809523801,1297.0,1447555.99999993,0.12964022253223814,-0.028020009384681438,0.3951990632318501
44,2014-12-31,32341,16866791,1838039.375,1710.0,1936110.0,-0.011512468479709843,0.9387047370027778,0.6370023419203747
44,2015-01-31,18251,8220016,640036.5,765.0,673259.0,-0.37794369830511554,-1.273292564053273,0.08372365339578454
44,2015-02-28,19485,8767675,653560.5685714299,829.0,735732.14000001,-0.21740780451897807,-1.1234853394314874,0.1211943793911007
44,2015-03-31,21437,8993933,709911.4966666701,882.0,784066.00000001,-0.2722985590097796,-0.9994262315415714,0.1522248243559719
44,2015-04-30,18595,7497933,597556.29190569,819.0,804298.0000001501,-0.19148746671760478,-1.1468927182786415,0.11533957845433256
44,2015-05-31,19349,7973737,729333.25,794.0,969668.0,-0.10206530868507538,-1.2054111653965265,0.10070257611241218
44,2015-06-30,16938,6599276,529501.7,622.0,549088.0,-0.43948191521506336,-1.6080180815675749,0.0
44,2015-07-31,19385,7523913,630039.01,723.0,683892.5,-0.2765545678902606,-1.3716035552113197,0.05913348946135832
44,2015-08-31,21934,8128607,600723.935,806.0,672087.0,-0.29787467431661335,-1.1773223107799418,0.10772833723653395
44,2015-09-30,18871,6822729,615340.0,659.0,731282.0,-0.3652969652706108,-1.5214107798331051,0.021662763466042154
44,2015-10-31,21327,7847392,684000.0,741.0,748707.0,-0.2645126496354524,-1.3294702732864425,0.06967213114754098
45,2013-01-31,3469,12879746,1010994.583333333,1448.0,1113187.999999999,,0.5562805940746041,0.5389331698344574
45,2013-02-28,4182,14076599,1143000.809999993,1707.0,1357019.179999949,,1.181501642118122,0.69773145309626
45,2013-03-31,5038,15939653,1248753.4079670322,1853.0,1448191.0,,1.53394285066775,0.7872470876762723
45,2013-04-30,4618,11648226,860993.8,1334.0,957768.0,,0.28108677370023716,0.46903740036787245
45,2013-05-31,5296,12021015,893786.907142857,1431.0,1123973.00000001,,0.5152429191064968,0.5285101164929491
45,2013-06-30,6841,12828922,966982.399999996,1549.0,1175199.999999978,,0.8000926630027713,0.6008583690987125
45,2013-07-31,8455,15077977,924431.383333337,1726.0,1091162.000000011,,1.2273672788471832,0.7093807480073574
45,2013-08-31,9151,13987378,1026165.2233333371,1616.0,1127376.000000013,,0.9618293819947238,0.6419374616799509
45,2013-09-30,8982,12501252,1124424.17261904,1660.0,1622003.9999999101,,1.0680445407357075,0.6689147762109136
45,2013-10-31,10343,13661600,1088462.993888889,1633.0,1274341.0,,1.002867056962831,0.6523605150214592
45,2013-11-30,10171,11875500,1076135.59641022,1451.0,1893485.99999886,,0.5635225367160348,0.5407725321888412
45,2013-12-31,17638,18151769,1928131.516666663,2200.0,2501693.999999989,,2.3715942161932353,1.0
45,2014-01-31,14634,10531261,1056203.296190476,1228.0,1192614.999999996,0.07135093084007108,0.02520480036968544,0.40404659717964436
45,2014-02-28,15692,10030390,1146812.486666667,1273.0,1404360.000000001,0.03488588864311687,0.13383393999114607,0.4316370324954016
45,2014-03-31,16028,10236285,1211691.52833333,1321.0,1442679.99999999,-0.0038054372662238694,0.24970502225403743,0.4610668301655426
45,2014-04-30,13486,8378058,785887.4977705629,1029.0,920030.0000000051,-0.03940202637799016,-0.45517739484521824,0.2820355610055181
45,2014-05-31,15802,8975148,1057461.626190473,1191.0,1313759.99999998,0.16885370022230808,-0.06411249220795998,0.38136112814224404
45,2014-06-30,16859,9640998,998802.2166666661,1138.0,1073039.9999999981,-0.0869298842750016,-0.19205347887323584,0.34886572654813
45,2014-07-31,18591,9923555,957191.1861111129,1256.0,1105445.0000000591,0.013089715367697971,0.09279626502303873,0.4212139791538933
45,2014-08-31,19924,10786436,1085504.360460026,1323.0,1449788.999999988,0.28598533231146583,0.25453298401499125,0.46229307173513184
45,2014-09-30,16636,8611717,1045723.096111113,1041.0,1283308.999999999,-0.2088126786370008,-0.42620962427949544,0.2893930104230533
45,2014-10-31,16244,7960205,839808.4,1034.0,976232.0,-0.23393189107154208,-0.44310749044283376,0.2851011649294911
45,2014-11-30,19364,9041732,1181095.4867511387,1214.0,1579986.999999877,-0.1655671074405471,-0.008590931956991203,0.39546290619251995
45,2014-12-31,31765,14471567,1856660.733655914,1736.0,2066158.00000001,-0.17409643225749463,1.2515070876519523,0.7155119558553035
45,2015-01-31,15176,6343845,707744.5,650.0,757212.0,-0.3650826125782398,-1.3700761485459645,0.04966278356836297
45,2015-02-28,19340,7972858,869420.36333333,832.0,959359.99999999,-0.31687031815204836,-0.9307316282991681,0.161250766400981
45,2015-03-31,16167,6257130,597536.733333333,642.0,674321.999999999,-0.5325907339118837,-1.3893879955897797,0.04475781729000613
45,2015-04-30,17029,6405496,717923.12199874,833.0,1024120.0000001,0.11313761507787169,-0.9283176474186913,0.1618638871857756
45,2015-05-31,19740,7041435,772382.5,815.0,997521.0,-0.24071291560101143,-0.9717693032672755,0.1508277130594727
45,2015-06-30,15543,5038751,745040.32142857,569.0,798165.99999999,-0.2561637963170139,-1.5656085998645937,0.0
45,2015-07-31,17219,6655812,558126.8700000001,641.0,589706.0,-0.4665442423639634,-1.3918019764702567,0.04414469650521153
45,2015-08-31,19379,6629776,570724.320952377,707.0,634916.289999974,-0.5620629691631132,-1.232479238358781,0.08461066830165542
45,2015-09-30,15836,4853004,634191.833333323,590.0,766801.9999999569,-0.4024806184637079,-1.5149150013745787,0.012875536480686695
45,2015-10-31,19329,6778832,686595.54166667,726.0,819660.00000001,-0.16038400708027395,-1.18661360162972,0.09625996321275292
46,2013-01-31,5343,23906117,1638925.414444444,2749.0,1837343.999999996,,0.6477108468110752,0.5116666666666667
46,2013-02-28,6616,24124637,1930509.49539682,3090.0,2273171.699999942,,1.1305475701395393,0.6253333333333333
46,2013-03-31,8093,25134152,1878291.823008652,3072.0,2285878.999999975,,1.1050605876764532,0.6193333333333333
46,2013-04-30,8643,20935199,1478900.045000003,2407.0,1647840.720000009,,0.16345818001243945,0.39766666666666667
46,2013-05-31,9484,20650388,1375620.90333333,2584.0,1641258.99999997,,0.414080174232786,0.45666666666666667
46,2013-06-30,12031,24271996,1635629.232034636,2911.0,2049806.800000024,,0.87709368897885,0.5656666666666667
46,2013-07-31,15359,27551937,1714815.46333333,3170.0,1943490.6999999802,,1.2438230477532553,0.652
46,2013-08-31,17478,28428287,1806080.334166666,3368.0,2042789.9999999981,,1.5241798548472023,0.718
46,2013-09-30,15776,23481646,1834897.041591487,2967.0,2685256.999999831,,0.9563865233084511,0.5843333333333334
46,2013-10-31,16151,21533226,1579064.98214286,2765.0,1975504.00000002,,0.6703659423338183,0.517
46,2013-11-30,16799,20002112,1665315.862230693,2560.0,2789538.999999399,,0.3800975309486712,0.44866666666666666
46,2013-12-31,32311,33868825,3205248.206666629,4214.0,4027771.999999887,,2.7220680306122484,1.0
46,2014-01-31,27355,19549122,1652955.2666666668,2180.0,1768407.000000002,-0.03751992005851604,-0.15796098771647957,0.322
46,2014-02-28,28687,19276502,1877962.6620238132,2371.0,2244090.000000012,-0.012793446267138823,0.11248421508626727,0.38566666666666666
46,2014-03-31,29099,18829711,1794751.2016374348,2274.0,2271511.000000093,-0.006285547047714197,-0.024862301520363315,0.35333333333333333
46,2014-04-30,26709,16349476,1531165.784913418,2084.0,1843694.99999996,0.11885510390831332,-0.2938915608529387,0.29
46,2014-05-31,29399,17189723,1679752.73397436,2126.0,2137529.999999971,0.3023721423614495,-0.23442193510573783,0.304
46,2014-06-30,34688,19731311,2076947.165,2333.0,2542425.0,0.2403242100670025,0.0586783632197522,0.373
46,2014-07-31,31213,17519465,1518590.75,2001.0,1683271.0,-0.1338929483943416,-0.411414868877169,0.2623333333333333
46,2014-08-31,40735,22197453,2078812.6166666634,2602.0,2409851.9999999893,0.17968660508421888,0.4395671566958721,0.46266666666666667
46,2014-09-30,31892,16658057,2155421.908304473,2121.0,2839275.000000039,0.05735689358605819,-0.24150165245659508,0.30233333333333334
46,2014-10-31,30737,15754122,1786968.1833333261,1830.0,2023751.999999968,0.024423134551966277,-0.6535412022764868,0.20533333333333334
46,2014-11-30,33850,15058727,2341947.424761897,2157.0,3202547.0000001313,0.14805600495308419,-0.1905276875304229,0.31433333333333335
46,2014-12-31,59810,26598648,3764931.74333334,3331.0,4592426.0000000205,0.14019015972109383,1.4717899464508586,0.7056666666666667
46,2015-01-31,31463,12032569,1421365.3899999962,1341.0,1525653.9999999881,-0.13727213248987008,-1.3459375591903255,0.042333333333333334
46,2015-02-28,38240,14887277,1522665.2462121132,1719.0,1752187.999999939,-0.21919887348549766,-0.8107109274655178,0.16833333333333333
46,2015-03-31,33643,12465551,1483776.0899999999,1459.0,1724712.0,-0.24072038392069012,-1.1788562297100946,0.08166666666666667
46,2015-04-30,33531,12236779,1382228.39206767,1543.0,1844362.00000023,0.00036177350389847456,-1.0599169782156928,0.10966666666666666
46,2015-05-31,31860,11315191,1315217.72012821,1381.0,1714296.00000007,-0.1980014315588117,-1.2892998203834676,0.05566666666666667
46,2015-06-30,37959,13515267,1353876.1752380952,1522.0,1482397.000000001,-0.4169357994827769,-1.0896517910892933,0.10266666666666667
46,2015-07-31,40754,14327294,1379991.674999997,1551.0,1511578.9999999912,-0.10199902451833891,-1.0485894304543213,0.11233333333333333
46,2015-08-31,42404,13637824,1481929.987222213,1566.0,1619268.999999959,-0.32806288518964394,-1.0273502784017494,0.11733333333333333
46,2015-09-30,30181,10050474,1168768.88333333,1214.0,1537760.99999998,-0.45839659772302477,-1.5257623799020996,0.0
46,2015-10-31,35589,11904054,1382787.666666663,1350.0,1609196.9999999888,-0.20484476358762627,-1.3331940679587826,0.04533333333333334
47,2013-01-31,3932,15840465,1547586.06,1831.0,1637836.0,,-0.29577264650302265,0.15480984340044743
47,2013-02-28,4224,15697499,1424426.5450000002,1975.0,1577895.0,,0.05274790157851729,0.21923937360178972
47,2013-03-31,5585,16831693,1457549.489523806,2023.0,1633902.2999999782,,0.16892141760569726,0.2407158836689038
47,2013-04-30,5869,14443207,1426072.125,1737.0,1509646.5,,-0.5232791153895835,0.11275167785234899
47,2013-05-31,5649,12256210,1210286.592083333,1485.0,1290634.999999999,,-1.1331900745322785,0.0
47,2013-06-30,7162,13295014,1136767.95,1575.0,1283661.08,,-0.915364731981316,0.040268456375838924
47,2013-07-31,8009,13390825,1075315.576666666,1622.0,1188497.9999999981,,-0.8016114975380355,0.06129753914988814
47,2013-08-31,10413,14680777,1232961.118333333,1823.0,1361443.999999999,,-0.31513489917421933,0.1512304250559284
47,2013-09-30,10657,14329171,1368926.68078947,1905.0,1749031.99999993,,-0.11667180929445353,0.18791946308724833
47,2013-10-31,11145,13665307,1266591.8,1770.0,1535582.3,,-0.4434098231208972,0.12751677852348994
47,2013-11-30,11254,12083207,1323868.30158726,1612.0,1845443.99999922,,-0.8258143133770314,0.056823266219239374
47,2013-12-31,23777,22236283,2552270.824999996,2933.0,3110872.999999988,,2.371377658954318,0.6478747203579418
47,2014-01-31,22258,13977440,1698871.636666667,1743.0,1907479.000000001,0.1646336995889704,-0.508757425886186,0.11543624161073826
47,2014-02-28,29014,17388191,2246942.3871666673,2306.0,2781785.0000000023,0.7629721876297233,0.8538611058492793,0.367337807606264
47,2014-03-31,26733,15452792,2036105.6225396693,2053.0,2574395.999999883,0.575611956724657,0.24152986512268476,0.25413870246085013
47,2014-04-30,24805,14584053,1682342.122307692,1752.0,1902294.999999996,0.26009300852881523,-0.48697489163108976,0.11946308724832215
47,2014-05-31,27350,15498690,1859557.0025867978,1951.0,2355920.0000001844,0.8253960259873521,-0.0053388564350727065,0.20850111856823267
47,2014-06-30,26121,13704215,1860769.11666667,1955.0,2303173.0000000102,0.7942220387331601,0.004342269900525626,0.21029082774049218
47,2014-07-31,28721,14277692,1843862.52309524,1851.0,2197315.0,0.848816741803523,-0.247367014825031,0.16375838926174496
47,2014-08-31,34250,17354835,1938436.976666673,2240.0,2264599.00000002,0.6633802051351517,0.6941225213119068,0.3378076062639821
47,2014-09-30,31991,16203667,2091771.522843143,2160.0,2571676.430000039,0.4703426981325338,0.5004999945999401,0.30201342281879195
47,2014-10-31,28140,12812400,1771944.708333337,1753.0,1986314.000000011,0.29352493838982835,-0.48455461004719014,0.11991051454138703
47,2014-11-30,36766,16384274,2429274.760238087,2384.0,3279540.000000092,0.7771007952565769,1.0426430693934468,0.4022371364653244
47,2014-12-31,62934,26839433,4402015.0160897095,3720.0,5467246.999999897,0.7574639016121577,4.27613926548329,1.0
47,2015-01-31,40473,14978141,2301310.50214286,1890.0,2527099.00000002,0.3248371279579061,-0.15297603305294727,0.18120805369127516
47,2015-02-28,44665,16115020,2072791.813888897,2087.0,2443202.000000041,-0.12171429495807946,0.3238194389752706,0.26935123042505593
47,2015-03-31,41307,14687288,2037351.085000003,1795.0,2432677.0000000093,-0.055049417416699,-0.3829027835234077,0.13870246085011187
47,2015-04-30,40578,14646596,1840728.4656277169,1930.0,2516387.0000002515,0.32281638757409165,-0.05616476969696395,0.19910514541387025
47,2015-05-31,41618,14560817,1773233.33000001,1845.0,2326316.48000003,-0.012565587965700151,-0.26188870432842853,0.1610738255033557
47,2015-06-30,36602,12338507,1402473.675588243,1622.0,1626200.0000000892,-0.29393059053745335,-0.8016114975380355,0.06129753914988814
47,2015-07-31,39804,13447659,1572283.72,1549.0,1718331.0,-0.21798604205587274,-0.9782920531627051,0.028635346756152126
47,2015-08-31,51955,16931642,1891082.05833334,2046.0,2168487.50000003,-0.042440847143352695,0.22458789403538768,0.25100671140939596
47,2015-09-30,43074,14225490,1795987.944285713,1793.0,2170625.999999979,-0.15594902427132085,-0.38774334669120686,0.1378076062639821
47,2015-10-31,44319,14334661,1939411.5660256362,1693.0,2219080.659999998,0.11718522851874658,-0.6297715050811651,0.09306487695749441
48,2013-01-31,0,0,0.0,0.0,0.0,,-1.1549372312822335,0.0
48,2013-02-28,0,0,0.0,0.0,0.0,,-1.1549372312822335,0.0
48,2013-03-31,0,0,0.0,0.0,0.0,,-1.1549372312822335,0.0
48,2013-04-30,0,0,0.0,0.0,0.0,,-1.1549372312822335,0.0
48,2013-05-31,0,0,0.0,0.0,0.0,,-1.1549372312822335,0.0
48,2013-06-30,0,0,0.0,0.0,0.0,,-1.1549372312822335,0.0
48,2013-07-31,0,0,0.0,0.0,0.0,,-1.1549372312822335,0.0
48,2013-08-31,0,0,0.0,0.0,0.0,,-1.1549372312822335,0.0
48,2013-09-30,0,0,0.0,0.0,0.0,,-1.1549372312822335,0.0
48,2013-10-31,0,0,0.0,0.0,0.0,,-1.1549372312822335,0.0
48,2013-11-30,0,0,0.0,0.0,0.0,,-1.1549372312822335,0.0
48,2013-12-31,0,0,0.0,0.0,0.0,,-1.1549372312822335,0.0
48,2014-01-31,7350,4000529,367157.06000000006,538.0,414332.0,inf,-0.2804758779723027,0.2360684510750329
48,2014-02-28,6081,2963300,303485.065,361.0,319275.0,inf,-0.5681704124255699,0.1584028082492321
48,2014-03-31,5646,2884294,299769.0,322.0,319170.0,inf,-0.6315607335762898,0.14129003949100483
48,2014-04-30,10895,5772663,627391.5,752.0,721734.0,inf,0.06735819193164738,0.3299692847740237
48,2014-05-31,19973,11416057,1203285.905,1428.0,1475423.0,inf,1.1661237585441253,0.6265906099166301
48,2014-06-30,18330,10008854,1056699.125,1171.0,1128953.0,inf,0.7483977960893815,0.5138218516893375
48,2014-07-31,22004,11512600,1297594.51,1369.0,1384645.0,inf,1.0702255803930363,0.6007020623080298
48,2014-08-31,22883,11273439,1232057.570000003,1520.0,1529874.0000000093,inf,1.3156599007458236,0.6669591926283458
48,2014-09-30,19033,9207235,1179772.503333333,1207.0,1446524.000000009,inf,0.8069119386900461,0.5296182536200088
48,2014-10-31,20754,10074278,1132940.000000003,1157.0,1240783.000000009,inf,0.7256422961891231,0.5076788064940764
48,2014-11-30,22501,10037764,1356279.70372549,1315.0,1789052.99999989,inf,0.9824543664920395,0.5770074594120228
48,2014-12-31,41852,17968976,2752664.531666666,2279.0,3198833.499999998,inf,2.5493330739098337,1.0
48,2015-01-31,22779,8992960,1046953.25,959.0,1059211.0,1.556430591892492,0.4038145118854683,0.42079859587538393
48,2015-02-28,27904,10793328,1248332.66666667,1156.0,1348757.94000001,3.224439558374473,0.7240169033391046,0.5072400175515577
48,2015-03-31,26520,9831900,1094443.58,1064.0,1186045.0,2.716029075414356,0.5744807611374064,0.46687143483984206
48,2015-04-30,24675,9322403,997210.8415555599,1082.0,1276801.00000017,0.7690742018529957,0.6037378324377387,0.4747696358051777
48,2015-05-31,27625,9810394,1030308.375,1154.0,1285402.0,-0.12879086201042006,0.7207661176390677,0.5063624396665204
48,2015-06-30,26308,9008382,1030817.67785714,978.0,1088300.99999998,-0.036008584945538054,0.434696976035819,0.42913558578323824
48,2015-07-31,26216,9128677,839209.42,963.0,898278.5,-0.3512571814436191,0.41031608328554214,0.42255375164545855
48,2015-08-31,36090,11258822,1297388.4733333369,1282.0,1377263.000000011,-0.09975396666653426,0.9288164024414304,0.5625274243089075
48,2015-09-30,27726,9167530,1009430.59614709,995.0,1168613.0799999102,-0.19212326929943585,0.4623286544861328,0.43659499780605526
48,2015-10-31,31251,10197549,1167126.287878783,1107.0,1313584.999999959,0.05867424037881677,0.6443726536882002,0.48573935936814394
49,2013-01-31,0,0,0.0,0.0,0.0,,-1.3031087683771547,0.0
49,2013-02-28,0,0,0.0,0.0,0.0,,-1.3031087683771547,0.0
49,2013-03-31,0,0,0.0,0.0,0.0,,-1.3031087683771547,0.0
49,2013-04-30,0,0,0.0,0.0,0.0,,-1.3031087683771547,0.0
49,2013-05-31,0,0,0.0,0.0,0.0,,-1.3031087683771547,0.0
49,2013-06-30,0,0,0.0,0.0,0.0,,-1.3031087683771547,0.0
49,2013-07-31,0,0,0.0,0.0,0.0,,-1.3031087683771547,0.0
49,2013-08-31,0,0,0.0,0.0,0.0,,-1.3031087683771547,0.0
49,2013-09-30,0,0,0.0,0.0,0.0,,-1.3031087683771547,0.0
49,2013-10-31,0,0,0.0,0.0,0.0,,-1.3031087683771547,0.0
49,2013-11-30,0,0,0.0,0.0,0.0,,-1.3031087683771547,0.0
49,2013-12-31,1936,1627701,316888.0,197.0,380080.0,,-0.7754367696715031,0.14856711915535445
49,2014-01-31,9266,5597749,646758.75,658.0,662837.0,inf,0.45936927806101135,0.4962292609351433
49,2014-02-28,10601,6562133,679496.145,763.0,776060.0,inf,0.7406157748330591,0.5754147812971342
49,2014-03-31,10334,6242802,782330.8616667001,716.0,917431.0000001,inf,0.6147244858017615,0.5399698340874811
49,2014-04-30,9863,6050236,747721.0233333299,642.0,773028.99999999,inf,0.41651266902908024,0.4841628959276018
49,2014-05-31,10296,5866635,706954.0066666671,677.0,781535.000000001,inf,0.5102615012864296,0.5105580693815988
49,2014-06-30,11668,6273537,756931.0,720.0,787002.0,inf,0.6254386380597443,0.5429864253393665
49,2014-07-31,14731,8121679,838922.5,891.0,945851.0,inf,1.0834686470885078,0.6719457013574661
49,2014-08-31,15620,8604488,968797.005,904.0,1053953.0,inf,1.118289641926952,0.6817496229260935
49,2014-09-30,11966,6224362,767588.08333333,693.0,833462.99999999,inf,0.5531181103183606,0.5226244343891403
49,2014-10-31,9650,5034157,570983.5,527.0,596022.0,inf,0.10848079161207556,0.3974358974358974
49,2014-11-30,13674,6443654,970270.458333337,746.0,1100900.000000051,inf,0.6950806277366324,0.5625942684766214
49,2014-12-31,26044,12162181,1804347.24,1326.0,2022713.0,4.3218085666175545,2.2486327051441344,1.0
49,2015-01-31,15144,6122202,650184.5,619.0,669481.0,0.01002358045794064,0.3549062935456793,0.46681749622926094
49,2015-02-28,19888,8408789,879352.61333333,848.0,1015878.99999999,0.30902120970026803,0.968291510315193,0.6395173453996983
49,2015-03-31,16486,6670563,815386.77,657.0,923216.0,0.00630565132407709,0.45669073999651566,0.49547511312217196
49,2015-04-30,15789,6150607,665806.1428571399,647.0,785698.9999999399,0.01639007074760469,0.4299053593515587,0.4879336349924585
49,2015-05-31,17319,6267158,691210.6183333299,684.0,795502.99999999,0.017872520104651644,0.5290112677378994,0.5158371040723982
49,2015-06-30,18273,6879614,696428.5,686.0,752312.0,-0.04407866816094495,0.5343683438668908,0.5173453996983409
49,2015-07-31,20809,7747556,758229.32,751.0,786049.0,-0.168950500660252,0.7084733180591108,0.5663650075414781
49,2015-08-31,25773,8817359,867858.3999999999,966.0,937139.5,-0.1108336899273497,1.2843590019256848,0.7285067873303167
49,2015-09-30,15778,5222309,578897.66666667,538.0,612717.00000002,-0.2648539887193224,0.1379447103215282,0.4057315233785822
49,2015-10-31,20353,7123394,637698.1,685.0,669044.0,0.12251561183983141,0.5316898058023951,0.5165912518853696
50,2013-01-31,6435,25599953,2310046.326666666,2981.0,2652179.499999997,,0.6943759147028106,0.5326034063260341
50,2013-02-28,8433,29653079,2441984.038809523,3583.0,2917023.999999999,,1.2461457035892587,0.6790754257907543
50,2013-03-31,9972,30496397,2552583.3733333307,3761.0,3163258.999999997,,1.4092935813663148,0.7223844282238443
50,2013-04-30,10184,26261684,2149884.073333337,2976.0,2442309.500000011,,0.6897931091472753,0.5313868613138686
50,2013-05-31,11372,24027018,2104129.799999997,2945.0,2507308.9999999907,,0.6613797147029565,0.5238442822384428
50,2013-06-30,14240,26880815,2439200.6462363144,3400.0,3083226.999999947,,1.0784150202566674,0.6345498783454988
50,2013-07-31,17614,30097934,2405578.795714286,3468.0,2710315.000000002,,1.1407411758119472,0.6510948905109489
50,2013-08-31,20056,31384622,2488005.4785714317,3627.0,2829283.0000000107,,1.2864743924779691,0.6897810218978102
50,2013-09-30,19775,28538725,2479146.900499606,3778.0,3786601.9999998966,,1.4248751202551346,0.7265206812652069
50,2013-10-31,20109,25830774,2342452.73607504,3232.0,3035554.0000000354,,0.9244327535906818,0.5936739659367397
50,2013-11-30,21467,26135952,2296442.36027502,3206.0,3856048.00000186,,0.9006021647018984,0.5873479318734793
50,2013-12-31,37617,38398749,4016760.7550000628,4902.0,5750256.000000289,,2.455089809139466,1.0
50,2014-01-31,28011,19652767,1870165.8,2261.0,2060547.0,-0.22307407926197975,0.03445191470572988,0.35742092457420926
50,2014-02-28,32659,22490977,2324271.0083333403,2699.0,2713180.000000021,-0.06988081003103785,0.43590568137062063,0.4639902676399027
50,2014-03-31,31795,21550772,2054841.4284577898,2501.0,2479626.99999997,-0.21611635341906169,0.25442658137142343,0.41581508515815085
50,2014-04-30,27930,18846017,1819581.971045296,2107.0,2168415.999999998,-0.11214528707357187,-0.10669849640475683,0.3199513381995134
50,2014-05-31,26718,16909076,1590841.624444444,1934.0,1921228.9999999981,-0.2337486125563282,-0.26526356862627765,0.27785888077858883
50,2014-06-30,26300,15968592,1436141.48,1730.0,1597807.0,-0.4817744525459762,-0.45224203529211715,0.22822384428223844
50,2014-07-31,28974,16795848,1434085.5166666699,1908.0,1706689.00000002,-0.37029865532234485,-0.28909415751506107,0.27153284671532846
50,2014-08-31,30035,17085069,1683222.66666667,1871.0,2089527.00000001,-0.2614641235959775,-0.3230069186260222,0.26253041362530416
50,2014-09-30,25256,14291144,1696750.375,1617.0,2164144.5,-0.4284732063205853,-0.5558134408472145,0.20072992700729927
50,2014-10-31,23213,12857990,1269248.8499999999,1354.0,1395308.0,-0.540344859620358,-0.7968690130683704,0.1367396593673966
50,2014-11-30,25964,13599905,1809842.28095237,1565.0,2247155.99999986,-0.4172385820926565,-0.6034746186247815,0.18807785888077858
50,2014-12-31,44854,21032654,3098307.3499999973,2432.0,3631798.9999999907,-0.36841090205378535,0.19118386470503654,0.39902676399026765
50,2015-01-31,22906,9471270,1019675.5833333333,1001.0,1062720.0,-0.4842534530879422,-1.1204150852891614,0.05085158150851581
50,2015-02-28,25141,9897921,1245077.0283333398,1084.0,1417244.00000003,-0.4776446826233353,-1.0443405130672756,0.07104622871046229
50,2015-03-31,24745,9278565,1234392.0,1015.0,1805284.0,-0.27195340266902174,-1.1075832297336625,0.05425790754257907
50,2015-04-30,21777,8248900,909783.92424242,940.0,1111768.99999986,-0.4872898004811526,-1.1763253130666917,0.03600973236009732
50,2015-05-31,23350,8442933,1007280.0,994.0,1284045.0,-0.3316543733204104,-1.1268310130669108,0.049148418491484186
50,2015-06-30,21892,7535445,848562.68181818,821.0,916814.99999998,-0.426204166085153,-1.2853960852884316,0.007055961070559611
50,2015-07-31,28570,10293328,1080141.33,1059.0,1144456.0,-0.32942908754905753,-1.067254540844952,0.06496350364963503
50,2015-08-31,28238,9356852,991011.8500000101,1041.0,1074232.00000003,-0.485897047513612,-1.0837526408448792,0.060583941605839416
50,2015-09-30,21968,7234476,1027330.833333333,792.0,1210027.999999999,-0.4408746735719361,-1.3119763575105363,0.0
50,2015-10-31,27975,9506347,1223127.139805195,1011.0,1321481.000000001,-0.05291089852562952,-1.1112494741780907,0.05328467153284672
51,2013-01-31,4280,24502023,781419.0,2477.0,848315.0,,1.5775858888971066,0.9961439588688946
51,2013-02-28,5102,23052867,753279.0,2340.0,817427.0,,1.372809657310574,0.9374464438731791
51,2013-03-31,6546,25434861,756239.0,2444.0,841450.0,,1.5282602272740733,0.9820051413881749
51,2013-04-30,6436,20390318,753730.0,2005.0,801552.0,,0.872079455985841,0.7939160239931449
51,2013-05-31,7499,19629576,678530.0,1986.0,779213.0,,0.8436798326271248,0.7857754927163667
51,2013-06-30,9343,22377454,640899.0,2178.0,786732.0,,1.1306655002520465,0.8680377035132819
51,2013-07-31,12287,25770394,720188.0,2394.0,763088.0,,1.4535243763300831,0.9605826906598115
51,2013-08-31,12472,22959378,722385.0,2160.0,761716.0,,1.10376059391221,0.8603256212510711
51,2013-09-30,11457,19536830,815374.0,2012.0,1003592.0,,0.8825424751179997,0.7969151670951157
51,2013-10-31,12688,19985077,734539.0,1980.0,851174.0,,0.8347115305138461,0.7832047986289632
51,2013-11-30,12831,18144050,711135.0,1715.0,979474.0,,0.438611520510699,0.6696658097686375
51,2013-12-31,20290,24424861,1354541.0,2486.0,1476291.0,,1.5910383420670249,1.0
51,2014-01-31,20091,15506517,751882.53,1491.0,801904.45,-0.05470909980372862,0.10379490828162384,0.5736932305055699
51,2014-02-28,18390,13485506,704717.31,1324.0,785468.35,-0.03909664104562245,-0.14582283387130276,0.5021422450728363
51,2014-03-31,19669,14643314,711976.16,1413.0,792834.25,-0.057776160199655355,-0.01279301919100056,0.5402742073693231
51,2014-04-30,20688,14905001,581033.35,1391.0,618381.29,-0.22852005858634244,-0.04567679360635616,0.5308483290488432
51,2014-05-31,20455,13504832,750170.59,1326.0,819689.37,0.0519451934195143,-0.14283339983354315,0.5029991431019709
51,2014-06-30,20681,13473502,610086.11,1309.0,661861.94,-0.15871994529267916,-0.16824358915449975,0.49571550985432733
51,2014-07-31,22340,15062336,595043.5,1375.0,653991.23,-0.1429674821252595,-0.06959226590843295,0.523993144815767
51,2014-08-31,25199,15854476,741525.19,1488.0,774858.0900000001,0.017253267622053474,0.09931075722498443,0.572407883461868
51,2014-09-30,19752,11972281,725279.28,1129.0,796124.38,-0.20672506357165063,-0.43729265255286376,0.4185946872322194
51,2014-10-31,19560,11509697,615451.69,1076.0,648828.61,-0.23772505974101654,-0.5165126545534932,0.39588688946015427
51,2014-11-30,20090,10872953,618863.8999999999,1095.0,708510.94,-0.27664140140524407,-0.48811303119477695,0.4040274207369323
51,2014-12-31,35260,17287945,1454184.1,1793.0,1625578.0,0.10112301707454696,0.5551994479833234,0.7030848329048843
51,2015-01-31,16790,7130726,327224.18999999994,679.0,338775.11,-0.5775368125217412,-1.1099153110487738,0.22579263067694944
51,2015-02-28,14932,6138191,334022.18,607.0,358591.5,-0.543467919490327,-1.2175349364081194,0.19494430162810625
51,2015-03-31,13578,5662543,389044.8899999999,521.0,398198.87,-0.4977526891654845,-1.3460806000317822,0.15809768637532134
51,2015-04-30,13929,5460938,352294.98000000004,545.0,394578.98000000004,-0.3619163671656366,-1.310207391578667,0.16838046272493573
51,2015-05-31,19620,8246413,398764.81000000006,762.0,459499.09,-0.4394228999212226,-0.9858537984817504,0.26135389888603255
51,2015-06-30,17010,6645481,376813.1699999999,620.0,404031.59999999986,-0.38955305391937195,-1.1981036151626818,0.20051413881748073
51,2015-07-31,18998,7626080,361449.32999999996,671.0,370486.77999999997,-0.43349885594031595,-1.1218730471998122,0.22236503856041132
51,2015-08-31,22791,8283548,428417.14,784.0,446328.06999999995,-0.42398733941075595,-0.9529700240663947,0.2707797772065124
51,2015-09-30,16725,6099586,337377.67,605.0,351362.08,-0.5586593140132199,-1.220524370445879,0.19408740359897173
51,2015-10-31,4067,1496292,80488.59,152.0,81262.04000000001,-0.8747557694781677,-1.8976311799984282,0.0
52,2013-01-31,3730,14873674,1072408.5,1677.0,1161852.0,,0.5588467361774585,0.5524967989756722
52,2013-02-28,4236,15019926,1085330.1183333392,1858.0,1246067.000000046,,0.9908455823570941,0.6683738796414853
52,2013-03-31,4603,15449617,968587.521428571,1831.0,1136306.999999997,,0.9264037655236678,0.6510883482714469
52,2013-04-30,5713,13814576,915416.823333333,1573.0,970795.9999999991,,0.3106264046709276,0.4859154929577465
52,2013-05-31,6391,13464786,822883.25,1652.0,975817.00000002,,0.49917838725761937,0.5364916773367477
52,2013-06-30,7660,14807250,1021905.858333326,1806.0,1241676.999999868,,0.8667354166038286,0.6350832266325224
52,2013-07-31,8952,15966040,970869.34333333,1819.0,1055901.99999999,,0.897762958042145,0.6434058898847631
52,2013-08-31,10450,15339655,1033774.591666667,1828.0,1065772.000000001,,0.9192435636532871,0.649167733674776
52,2013-09-30,11423,15616896,1223488.50571702,2068.0,1859169.99999986,,1.492059713283743,0.8028169014084507
52,2013-10-31,11362,14073970,1062472.816666667,1802.0,1310609.0000000019,,0.8571884807766543,0.6325224071702945
52,2013-11-30,12500,14585826,1212169.236434067,1795.0,2247352.999998202,,0.8404813430790994,0.6280409731113956
52,2013-12-31,19478,19254856,1862178.1366666672,2376.0,2262186.030000001,,2.2271737719761617,1.0
52,2014-01-31,18183,12465609,1332728.6990476158,1426.0,1602233.9999999919,0.3790345069767852,-0.040223486977726645,0.39180537772087065
52,2014-02-28,18224,11691014,1066225.637666663,1432.0,1280645.999999989,0.027750514217888506,-0.02590308323696525,0.39564660691421255
52,2014-03-31,19873,12495162,1233284.666666656,1620.0,1513949.999999952,0.33234240394537395,0.42280290064022524,0.5160051216389244
52,2014-04-30,17982,11104794,1011342.691666663,1295.0,1144652.999999939,0.17908705845506173,-0.35288563531768385,0.3079385403329065
52,2014-05-31,20010,12066102,1175570.868589744,1475.0,1468332.0000000019,0.5047206597138313,0.07672647690515812,0.4231754161331626
52,2014-06-30,19311,11164202,1120716.225,1207.0,1167591.0,-0.05966608063117531,-0.5629182235155177,0.25160051216389245
52,2014-07-31,20591,11415481,1044366.65,1296.0,1175306.5,0.11308293762111554,-0.3504989013608903,0.3085787451984635
52,2014-08-31,24678,13028703,1147580.0983333301,1497.0,1352972.99999999,0.26947696130128096,0.12923462395461657,0.4372599231754161
52,2014-09-30,21538,11268951,1254303.333333327,1323.0,1535560.999999971,-0.17406100571755867,-0.286057084527464,0.3258642765685019
52,2014-10-31,21099,10792388,1067976.150000007,1172.0,1147430.000000021,-0.12450624099176846,-0.6464539120032925,0.22919334186939821
52,2014-11-30,25511,12265137,1515366.1777777798,1498.0,2005883.99999996,-0.10744595975729461,0.13162135791141014,0.4379001280409731
52,2014-12-31,43817,19833033,2501499.18833329,2313.0,2921975.99999986,0.2916603503204634,2.076809532698167,0.9596670934699104
52,2015-01-31,23976,9668062,1025979.340000003,987.0,1083209.0000000088,-0.32393832611215695,-1.0879996940101024,0.11075544174135724
52,2015-02-28,24617,9880042,802898.17666667,1042.0,892746.00000002,-0.30289400818022494,-0.9567293263864562,0.14596670934699105
52,2015-03-31,25349,9807523,994552.78571429,1009.0,1075131.00000003,-0.28985039136030644,-1.0354915469606438,0.12483994878361075
52,2015-04-30,25389,9778531,884693.9314327501,1157.0,1188336.00000004,0.03816265715470398,-0.682254921355196,0.21959026888604352
52,2015-05-31,21402,8162066,734773.196969697,882.0,1006446.9999999311,-0.31456441731166396,-1.3386067594734268,0.04353393085787452
52,2015-06-30,21219,7191981,748632.22785714,814.0,842112.1299999601,-0.27876103018954407,-1.5009046685353893,0.0
52,2015-07-31,23814,9067761,734609.5900000001,864.0,785435.0,-0.33171900266015714,-1.3815679706957111,0.03201024327784891
52,2015-08-31,26027,8285009,715787.58166666,922.0,771911.99999997,-0.4294697676893954,-1.2431374012016843,0.06914212548015365
52,2015-09-30,24563,9022582,925766.51282052,894.0,1103815.00000006,-0.28116499442218124,-1.309965951991904,0.05121638924455826
52,2015-10-31,24666,8387599,763121.530303027,847.0,857736.999999961,-0.2524711747122305,-1.4221424479612017,0.02112676056338028
53,2013-01-31,4638,14586456,1226884.13666667,1800.0,1331344.50000001,,0.024146478542769727,0.36581853096495437
53,2013-02-28,5140,15987054,1393831.734999996,2087.0,1564146.6999999892,,0.6236918668897115,0.5036005760921748
53,2013-03-31,6698,18567186,1461285.1497619047,2354.0,1637017.4999999988,,1.181457088801326,0.6317810849735958
53,2013-04-30,6081,14120196,1067228.016666667,1725.0,1164720.000000001,,-0.13252914558970633,0.3298127700432069
53,2013-05-31,7004,13801554,1128716.9612121212,1842.0,1303701.0000000033,,0.1118848280569563,0.38598175708113297
53,2013-06-30,8977,16158695,1436788.6500000001,2079.0,1660740.0000000498,,0.6069798003155806,0.499759961593855
53,2013-07-31,10822,18140646,1303933.908333333,2141.0,1494550.099999999,,0.7364983162650942,0.5295247239558329
53,2013-08-31,12982,17797041,1377478.2683333359,2330.0,1498686.5000000081,,1.1313208890789337,0.6202592414786365
53,2013-09-30,12951,16487044,1441965.750889707,2442.0,2178767.029999801,,1.3652898211167648,0.6740278444551128
53,2013-10-31,13227,15863939,1389404.955,2122.0,1734128.4,,0.6968071581515336,0.5204032645223235
53,2013-11-30,12999,13885197,1394507.19720494,1937.0,2114419.9999993797,,0.3103406186247593,0.43158905424867977
53,2013-12-31,24608,24304375,2508502.326190433,3121.0,3081024.999999699,,2.7837264715961143,1.0
53,2014-01-31,22520,13567840,1670732.695000003,1796.0,1955771.000000009,0.46901947617614703,0.015790445255704336,0.3638982237157945
53,2014-02-28,23896,14307649,1639957.8225,1905.0,1922363.0000000002,0.22901707365428925,0.24349235232823618,0.41622659625540087
53,2014-03-31,25136,14995079,1655018.5033333339,1945.0,1922551.000000002,0.17442299792152707,0.3270526851988901,0.4354296687469995
53,2014-04-30,22501,13462355,1322321.218448541,1731.0,1516063.000000015,0.30165447489526553,-0.11999509565910824,0.3326932309169467
53,2014-05-31,25903,14171910,1474727.8112124992,1928.0,1808368.0000000692,0.3871033312086626,0.2915395437288622,0.4272683629380701
53,2014-06-30,26767,14516101,1464099.1633333329,1771.0,1612710.999999999,-0.028920240374802387,-0.036434762788454346,0.3518963034085454
53,2014-07-31,28575,15483366,1340481.57,1827.0,1465500.0,-0.019437354425254096,0.08054970323046111,0.3787806048967835
53,2014-08-31,30930,15652385,1711383.296666669,2003.0,1974813.5000000072,0.31769619596893445,0.44821516786133825,0.4632741238598176
53,2014-09-30,26539,13094213,1512884.843333327,1663.0,1863118.999999991,-0.1448746128675533,-0.2620476615392199,0.300048007681229
53,2014-10-31,27297,12954163,1276449.27333333,1590.0,1396073.99999999,-0.19494196623503193,-0.4145452690281632,0.2650024003840615
53,2014-11-30,30246,13412375,1739296.11261262,1840.0,2273322.00000016,0.07515157821096427,0.10770681141342361,0.38502160345655306
53,2014-12-31,49826,21862066,2891717.023333334,2740.0,3273795.000000003,0.06256684058075557,1.9878143010031362,0.8170907345175228
53,2015-01-31,27193,10530801,1045740.7266666701,1198.0,1111632.00000001,-0.43161443747759587,-1.2334365311605713,0.07681228996639462
53,2015-02-28,30050,11645042,1156606.881666667,1324.0,1354408.000000001,-0.2954462814775353,-0.9702214826180116,0.13730196831493038
53,2015-03-31,31773,12121958,1312854.0783333331,1307.0,1414377.999999999,-0.2643222468480693,-1.0057346240880396,0.12914066250600095
53,2015-04-30,28061,9918776,1010412.59027128,1334.0,1428623.00000035,-0.057675703450096795,-0.9493313994003482,0.14210273643783006
53,2015-05-31,26977,9318259,925881.75071429,1160.0,1275851.00000003,-0.2944738017925659,-1.3128188473876925,0.0585693710993759
53,2015-06-30,28428,9417812,930923.255,1090.0,1003211.0000000009,-0.3779350422983402,-1.4590494299113368,0.024963994239078253
53,2015-07-31,32642,11573514,959574.5500000032,1236.0,1039667.990000009,-0.2905711429546169,-1.15405421493345,0.09505520883341334
53,2015-08-31,35221,11061935,1095145.205,1300.0,1188757.5,-0.3980406251020688,-1.020357682340404,0.1257801248199712
53,2015-09-30,29884,9899602,1029517.92833332,1101.0,1204852.99999994,-0.3533139858484907,-1.4360703383719071,0.030244839174267884
53,2015-10-31,28956,10016515,855356.880952377,1038.0,941358.999999977,-0.32570981194407767,-1.5676778626431869,0.0
54,2013-01-31,14302,69441693,4032227.22345237,7814.0,4843727.579999967,,0.8271583880962724,0.7417797888386124
54,2013-02-28,17073,70645982,4207452.7786336895,8556.0,5242844.33999995,,1.0866050170688422,0.8163901458019105
54,2013-03-31,20990,76422514,4514545.867658721,9117.0,5767216.999999971,,1.2827634521815263,0.8728004022121669
54,2013-04-30,23000,66298927,3546239.6424999996,7275.0,4252341.0,,0.638692440635066,0.6875816993464052
54,2013-05-31,23274,59112907,3360050.059689444,6948.0,4137364.00000003,,0.5243541014517368,0.6547008547008547
54,2013-06-30,29534,65640857,3639460.9184440104,7688.0,4784543.9999999795,,0.7831014133650813,0.7291101055806938
54,2013-07-31,38506,75682447,4141989.6561779487,8632.0,4984118.000000043,,1.113179065319402,0.8240321769733534
54,2013-08-31,41564,71666108,3954626.4365873034,8456.0,4828472.000000006,,1.0516391641075795,0.8063348416289593
54,2013-09-30,37229,62153434,3714453.101461089,7958.0,5820000.499999257,,0.8775092163604908,0.7562594268476621
54,2013-10-31,38548,59332273,3537309.841303417,6805.0,4394771.500000015,,0.474352931717131,0.6403217697335344
54,2013-11-30,41372,55775171,3652235.949206346,6704.0,5402297.999999993,,0.43903742022625564,0.6301659125188537
54,2013-12-31,70543,81632516,6307335.95632379,10382.0,9557400.500000073,,1.7250814921415005,1.0
54,2014-01-31,67663,53483877,3662643.1272777747,6248.0,4458369.999999989,-0.07955806218151938,0.2795931307228974,0.5843137254901961
54,2014-02-28,70705,52655481,3778840.037612609,6566.0,4832088.999999985,-0.07834589649479626,0.390784543139713,0.616289592760181
54,2014-03-31,73102,52640067,3837792.8654485513,6437.0,5158202.999999747,-0.10559928644963897,0.345678592819684,0.6033182503770739
54,2014-04-30,68938,47438443,3447931.1996780303,5635.0,4297641.210000006,0.010653005015356376,0.06525245207035653,0.5226747109100051
54,2014-05-31,71416,47640669,3552657.3254161063,5868.0,5143493.0000000205,0.24318116559238767,0.1467228894700988,0.5461035696329813
54,2014-06-30,85236,53898878,4148885.80777778,6174.0,5038218.900000054,0.053019660807817,0.2537183995315629,0.5768728004022121
54,2014-07-31,78578,49026323,3337220.9083333397,5515.0,3944394.00000003,-0.20860742061082907,0.023293428516841196,0.5106083459024635
54,2014-08-31,92199,55370364,3968415.0292063463,6754.0,4800426.999999985,-0.005808255696630416,0.456520346706887,0.6351935646053293
54,2014-09-30,76837,45273089,3667551.235714316,5800.0,5162894.000000192,-0.11290488720733767,0.1229461094564401,0.5392659627953745
54,2014-10-31,70963,40391364,3374666.8107142868,4600.0,3934249.999999995,-0.10478849696736645,-0.2966441260787132,0.4186023127199598
54,2014-11-30,83607,45942584,4358143.698777219,5922.0,6165294.499999858,0.14123554457748663,0.1656044500691807,0.5515334338863751
54,2014-12-31,132271,68185609,7018654.086724873,8315.0,10042055.969999589,0.05070996763183804,1.002337311432199,0.792156862745098
54,2015-01-31,67396,30884800,2722741.735000003,3220.0,3145301.000000009,-0.29451772733083686,-0.7791728969441395,0.2798391151332328
54,2015-02-28,76229,34286248,3001146.1386410343,3549.0,3603908.000000102,-0.2541718498976089,-0.664135240701585,0.31292106586224233
54,2015-03-31,75943,33720321,2924777.3599999966,3435.0,3310686.9999999907,-0.35817047138312447,-0.7039963130774246,0.3014580191050779
54,2015-04-30,18535,8001430,700221.895,882.0,782288.0,-0.8179727060091182,-1.5966745391784634,0.04474610356963298
54,2015-05-31,16222,7385278,618412.0,743.0,691924.0,-0.8654758546380841,-1.6452770747946186,0.03076923076923077
54,2015-06-30,13006,5714302,522209.55333333294,586.0,569186.9999999991,-0.8870261472759763,-1.700173463943801,0.014982403217697336
54,2015-07-31,18093,7961310,682635.022619044,899.0,906214.999999988,-0.7702524139322844,-1.5907303441750487,0.04645550527903469
54,2015-08-31,16739,7637106,564912.796666667,840.0,637786.0000000009,-0.8671397356943449,-1.6113601974221936,0.040522875816993466
54,2015-09-30,10329,4542148,421154.6,485.0,475723.0,-0.9078572986391,-1.7354889754346765,0.0048265460030165915
54,2015-10-31,8421,4020156,324488.53333333,437.0,372436.99999999,-0.9053346889496116,-1.7522725848560825,0.0
55,2013-01-31,1279,1054172,78680.98,205.0,95888.98,,-1.242612983494588,0.0
55,2013-02-28,1445,1147422,74764.98,234.0,94670.98,,-1.2200121017228875,0.004703211157963023
55,2013-03-31,1306,866359,65647.0,205.0,88595.0,,-1.242612983494588,0.0
55,2013-04-30,1249,934816,70948.0,212.0,104475.0,,-1.2371575982393501,0.0011352578657152124
55,2013-05-31,2966,3542200,207960.623333333,728.0,272650.63999999897,,-0.8350177708532281,0.08481998053843659
55,2013-06-30,3558,3215931,195638.94,714.0,255274.93999999997,,-0.8459285413637043,0.08254946480700616
55,2013-07-31,3941,3254846,231154.95,734.0,287387.95,,-0.8303417263487384,0.08579305870904963
55,2013-08-31,4006,3351376,230122.011111111,716.0,305133.89999999694,,-0.8443698598622077,0.08287382419721051
55,2013-09-30,4903,3458766,235128.93999999997,748.0,300345.93999999994,,-0.8194309558382622,0.08806357444048005
55,2013-10-31,5785,4179089,278276.97,895.0,399210.97,,-0.7048678654782623,0.11190398962049951
55,2013-11-30,6613,3817347,308525.576666667,926.0,420590.90000000095,,-0.6807083022050651,0.11693156016866689
55,2013-12-31,8239,4907711,294977.381666666,1116.0,383259.959999997,,-0.5326335595628885,0.14774570223807978
55,2014-01-31,15301,6816487,449692.323333337,1327.0,688210.9900000109,6.177164570944554,-0.36819266115499755,0.18196561790463833
55,2014-02-28,15621,6856867,428381.97,1386.0,661080.97,5.9829315171343955,-0.3222115568608479,0.19153421991566655
55,2014-03-31,14147,5718624,427892.98,1212.0,651480.98,6.353473446582764,-0.45781684749105184,0.16331495296788842
55,2014-04-30,16697,6738209,509572.98,1973.0,1281420.97,11.265335917683656,0.13526146382840312,0.2867337009406422
55,2014-05-31,17462,6885051,573764.99,1426.0,915691.99000001,2.3584809850437667,-0.291037926830916,0.1980214077197535
55,2014-06-30,18760,7155386,533119.98,1403.0,796646.98,2.1207410331777967,-0.30896276409812684,0.1942912747324035
55,2014-07-31,21193,7705535,655991.79,1508.0,948073.79,2.298933688764613,-0.22713198526955555,0.21132014271813168
55,2014-08-31,26286,9219831,863075.0,1933.0,1261066.0,3.132828243600638,0.1040878337984712,0.2802465131365553
55,2014-09-30,29528,9829759,971787.2566666671,3355.0,2780564.1800000006,8.25787170620652,1.2123103813625513,0.5108660395718456
55,2014-10-31,30606,10469409,1036893.9999999999,2427.0,1851255.9999999998,3.637287397187507,0.48908216466813054,0.36036328251702887
55,2014-11-30,33979,10795303,1128633.9,3112.0,3036105.39999999,6.218666404812808,1.0229305789307148,0.47145637366201754
55,2014-12-31,35770,10868657,1131651.08632479,3223.0,2972640.00000003,6.756197647153261,1.1094374022637759,0.48945831981835874
55,2015-01-31,42118,11939810,1151505.284792624,3974.0,2421233.399999902,2.5181556749040923,1.694722306075748,0.6112552708400908
55,2015-02-28,34336,9931534,878331.9999999999,2163.0,1709780.9999999998,1.586341276772798,0.2833362064705798,0.3175478430100551
55,2015-03-31,37310,9993968,997835.0,2570.0,2297687.0,2.5268673538251263,0.6005278920251371,0.38355497891663964
55,2015-04-30,33006,8658363,860866.2666666701,3551.0,4256760.60000001,2.3219064613871665,1.3650611685092178,0.5426532598118715
55,2015-05-31,34867,9510143,877747.2666666697,2165.0,1799127.0000000396,0.9647731110982197,0.2848948879720764,0.3178722024002595
55,2015-06-30,34976,9247344,889671.6666666699,1923.0,1651632.60000001,1.0732302280239738,0.09629442629098822,0.2786247161855336
55,2015-07-31,36338,9762496,913832.5952380989,1990.0,1572557.2000000216,0.6586865037161522,0.1485102565911242,0.2894907557573792
55,2015-08-31,38779,10017592,928930.2999999999,2126.0,1774701.3999999994,0.4073025519679378,0.25450059869289277,0.31154719429127475
55,2015-09-30,41519,10462567,1090407.341529903,6371.0,7969904.889998628,1.866290570569972,3.5628020856194187,1.0
55,2015-10-31,40166,9553223,929368.9,2630.0,1818997.4,-0.017425250748680822,0.6472883370700351,0.39328576062277004
56,2013-01-31,5462,23703002,1290172.6400000001,2361.0,1381122.0,,0.13239023713081888,0.4657687991021324
56,2013-02-28,6825,30230943,1706493.679761901,3169.0,1886584.199999987,,1.291786027522227,0.7680508791619902
56,2013-03-31,8313,28904588,1639727.5221428568,2921.0,1783001.999999999,,0.9359318740357553,0.6752712308267864
56,2013-04-30,8505,23408993,1146492.55,2284.0,1233960.0,,0.021903262056390118,0.4369622147399925
56,2013-05-31,9256,22280005,1205311.766666663,2262.0,1320823.999999989,,-0.009664445107732384,0.4287317620650954
56,2013-06-30,13368,28563019,1487065.867777773,2987.0,1717746.9999999579,,1.0306349955281229,0.6999625888514778
56,2013-07-31,17987,35616256,1827783.05,3491.0,2015026.0,,1.7538224687425654,0.8885147774036662
56,2013-08-31,18033,32562596,1609458.767999996,3311.0,1725865.999999989,,1.495541228308836,0.821174710063599
56,2013-09-30,16797,27155314,1526797.8523219172,2990.0,2044817.000000091,,1.034939682868685,0.7010849233071456
56,2013-10-31,16439,25460417,1479982.166666663,2547.0,1703682.999999989,,0.3992808522456727,0.5353535353535354
56,2013-11-30,17887,24163995,1417536.0249999668,2471.0,2142310.4999991013,,0.2902287729514314,0.5069210624766181
56,2013-12-31,30593,36007408,2811223.136666667,3789.0,3640074.500000001,,2.1814214112384067,1.0
56,2014-01-31,27429,21800986,1365391.69,2148.0,1429530.0,0.0350497638876218,-0.17324256404909444,0.38608305274971944
56,2014-02-28,31921,23216372,1574366.366999997,2530.0,1764233.999999991,-0.06485276405897858,0.37488762398248715,0.5289936401047513
56,2014-03-31,32209,23885514,1551625.7548484881,2385.0,1746167.000000018,-0.020658978509267605,0.16682773585531616,0.47474747474747475
56,2014-04-30,26368,17953801,1180581.51,1861.0,1311414.8,0.06276929560115405,-0.5850576529628744,0.2787130564908343
56,2014-05-31,30298,20103189,1356616.884999996,2094.0,1612059.9999999632,0.22049569056889984,-0.2507269361792133,0.3658810325476992
56,2014-06-30,41503,26719662,1737767.5499999998,2684.0,1922055.0,0.1189395178684912,0.5958615741313447,0.586606808829031
56,2014-07-31,37818,24056438,1438910.92,2346.0,1527928.0,-0.24173286101519287,0.11086680042800807,0.4601571268237935
56,2014-08-31,47138,29161681,1813453.686666667,2896.0,1935164.000000001,0.12127129220925217,0.9000594795310706,0.6659184436962214
56,2014-09-30,33520,19457104,1560215.65,2062.0,1869010.0,-0.08597688692928668,-0.29664360114520966,0.35390946502057613
56,2014-10-31,33525,19043423,1462516.5,1903.0,1625149.0,-0.04609660365219913,-0.5247920301950041,0.2944257388701833
56,2014-11-30,40235,21135679,1986226.638333337,2267.0,2253832.000000021,0.052056646317593304,-0.0024899662067954516,0.43060231949120836
56,2014-12-31,58300,28970026,2878808.4283333328,3122.0,3178984.999999999,-0.12667034699427215,1.22434592585342,0.7504676393565283
56,2015-01-31,34737,15060309,1205569.0,1513.0,1269907.0,-0.11166117535133925,-1.0844013844680849,0.14852225963337073
56,2015-02-28,38414,16142625,1254739.631666664,1644.0,1379752.999999992,-0.21793084137365043,-0.8964300372635372,0.19753086419753085
56,2015-03-31,35746,15032691,1231448.68833333,1456.0,1338779.99999999,-0.2333035729114247,-1.1661904439387658,0.12719790497568276
56,2015-04-30,32088,13450385,1135773.2222222202,1373.0,1387663.99999992,0.05814270206491482,-1.2852867936943189,0.09614665170220726
56,2015-05-31,32032,12386157,1164062.8399999999,1275.0,1339966.0,-0.1687865215934701,-1.4259065801526827,0.05948372615039282
56,2015-06-30,43069,17345460,1286567.27,1685.0,1329602.0,-0.3082393583950511,-0.8375993102758543,0.21286943509165732
56,2015-07-31,42036,16439033,1159286.9066666672,1590.0,1240954.530000001,-0.18781871266185254,-0.973914409393656,0.17732884399551066
56,2015-08-31,38009,14256336,1089476.928055559,1447.0,1201766.000000021,-0.37898493357667856,-1.1791045059604524,0.12383090160867939
56,2015-09-30,30773,11275123,1107181.38333333,1116.0,1255721.99999999,-0.3281352159699574,-1.6540550092024773,0.0
56,2015-10-31,33308,12234368,1192360.0,1157.0,1233093.0,-0.2412431106317021,-1.5952242822147944,0.01533857089412645
57,2013-01-31,10346,19192222,937064.89778954,2110.0,1921502.99999878,,-1.318899977531576,0.025321888412017168
57,2013-02-28,9731,17468282,1079000.1316666629,1933.0,1423368.999999989,,-1.4362299808544388,0.0
57,2013-03-31,16226,51669126,3042015.1264285813,5700.0,3602209.000000032,,1.0608441576609522,0.5389127324749642
57,2013-04-30,17883,49252158,2592702.9449999994,4993.0,2970199.999999993,,0.5921870257442063,0.43776824034334766
57,2013-05-31,20711,48237146,2581246.088333333,5011.0,2912519.199999998,,0.6041188904889042,0.44034334763948496
57,2013-06-30,23699,49466181,2530055.949289036,5337.0,3138235.999999908,,0.8202182186428776,0.4869814020028612
57,2013-07-31,29839,55963810,2719793.1325,5657.0,3067731.0,,1.0323402585486183,0.532761087267525
57,2013-08-31,30871,50279231,2895712.5360000078,5498.0,3407413.0000000196,,0.9269421199704533,0.5100143061516452
57,2013-09-30,30399,46108384,2678769.066363641,5032.0,3454777.9700000836,,0.6180393993577185,0.4433476394849785
57,2013-10-31,33375,46941968,2778102.9989393945,5203.0,3562455.999999998,,0.7313921144323486,0.4678111587982833
57,2013-11-30,33677,43608182,2689145.28423077,4766.0,3137875.0000000102,,0.44171295368607155,0.40529327610872673
57,2013-12-31,63264,69543917,5288445.254606112,8923.0,8177232.999999546,,3.197310828336584,1.0
57,2014-01-31,50531,41102851,2792250.981666666,4340.0,3467269.5000000014,0.8044569797716699,0.15932548806155428,0.34434907010014304
57,2014-02-28,55455,41440297,3074065.0105769164,4729.0,3841203.899999951,1.6986704782807416,0.41718634282197026,0.4
57,2014-03-31,57684,41909034,3122915.9166666693,4662.0,3758305.0000000075,0.04333341013804971,0.37277329071670584,0.390414878397711
57,2014-04-30,57862,41573071,2766258.3669172893,4480.0,3424633.4399999105,0.1529975893878926,0.2521288805203158,0.3643776824034335
57,2014-05-31,55172,37977514,2752196.733333304,4107.0,3591001.999999912,0.23295393211482163,0.004874127755186843,0.3110157367668097
57,2014-06-30,57294,36918073,2641040.373333329,3945.0,3052016.639999987,-0.02747382924672435,-0.10251265494709437,0.28783977110157366
57,2014-07-31,57831,36701673,2752572.5599999996,3844.0,3241184.7,0.05654136558909506,-0.16946367379234378,0.2733905579399142
57,2014-08-31,65170,40183605,2933370.165000003,4202.0,3368881.000000009,-0.011308285787490536,0.06784785835220361,0.3246065808297568
57,2014-09-30,59547,35977074,2626267.3894589073,3796.0,3317035.000000241,-0.039870281446723194,-0.20128197977820486,0.2665236051502146
57,2014-10-31,61756,36105621,2785424.62666666,3702.0,3300354.96999997,-0.07357312764004056,-0.26359282900051617,0.2530758226037196
57,2014-11-30,63865,36096790,3025187.1833333327,3774.0,3695585.999999999,0.17773525076683647,-0.21586537002172454,0.26337625178826896
57,2014-12-31,115899,58804263,6199639.529547587,7145.0,8622098.999999909,0.0544029991563634,2.0187077441103125,0.7456366237482117
57,2015-01-31,64155,28464891,2410043.275000003,2923.0,2849158.000000008,-0.17827039403772715,-0.7799774198960536,0.14163090128755365
57,2015-02-28,74461,32883859,2532898.1687719636,3374.0,3054541.000000052,-0.20479592348636033,-0.48101791990390036,0.2061516452074392
57,2015-03-31,69128,29682148,2271659.906666667,2870.0,2530690.000000001,-0.3266405999513089,-0.815110132755442,0.1340486409155937
57,2015-04-30,61240,24604949,1859144.671175543,2622.0,2278548.9999997094,-0.3346590109802324,-0.979504713682391,0.09856938483547925
57,2015-05-31,60866,24814644,2090685.5,2511.0,2579624.0,-0.2816422825718105,-1.0530845462746947,0.082689556509299
57,2015-06-30,60473,24109708,1825222.416666667,2320.0,2019264.000000001,-0.3383836858766244,-1.1796948888434338,0.05536480686695279
57,2015-07-31,67031,26762061,1902833.7033333331,2631.0,2118735.999999999,-0.3463081570143167,-0.973538781310042,0.09985693848354793
57,2015-08-31,73837,27849984,1996801.254523807,2777.0,2292713.209999981,-0.31944369361815544,-0.8767581006030478,0.12074391988555079
57,2015-09-30,57238,20737039,1727433.78166666,2119.0,1964970.99999997,-0.4076122199494949,-1.312934045159227,0.026609442060085836
57,2015-10-31,66112,23607604,2074605.25,2352.0,2268607.0,-0.312617272802016,-1.1584826848528598,0.05994277539341917
58,2013-01-31,5198,8506851,510363.90499999997,937.0,601024.0,,-1.5878042104148,0.0
58,2013-02-28,5929,10437570,590545.8049999999,1064.0,785772.0,,-1.4468561072844193,0.02951429235417151
58,2013-03-31,9362,31413695,1768157.7207142897,3265.0,1980925.000000014,,0.9958744044476111,0.5410178944922147
58,2013-04-30,9894,26916589,1368196.83333333,2606.0,1470676.09999999,,0.2644980267868169,0.3878689286544271
58,2013-05-31,11468,25247693,1275615.431666667,2523.0,1363335.000000001,,0.17238233733940275,0.3685800604229607
58,2013-06-30,13218,26153816,1454020.3,2702.0,1632071.5,,0.37104147482238026,0.41017894492214735
58,2013-07-31,15871,28852140,1502129.195,2866.0,1615530.5,,0.553053198549801,0.44829188937950265
58,2013-08-31,18598,30100387,1647769.5111666662,3088.0,1814070.969999998,,0.7994349221320411,0.4998838019986056
58,2013-09-30,16317,23754212,1390556.2,2439.0,1668609.99999997,,0.07915682030828483,0.34905879618870556
58,2013-10-31,19604,26972442,1834863.75,2821.0,2171584.0,,0.5031109572831306,0.4378340692540088
58,2013-11-30,19735,25359111,1638421.0350000001,2621.0,1849206.0,,0.28114544054237367,0.3913548686962584
58,2013-12-31,41881,44536731,3503608.966666666,5240.0,4746515.999999998,,3.187783882262586,1.0
58,2014-01-31,31167,24466720,2088250.933333336,2520.0,2472189.0000000084,3.1132949765733287,0.1690528545882914,0.36788287241459444
58,2014-02-28,33084,24352337,1750605.204999996,2575.0,1997619.9999999881,1.5422387155561512,0.23009337169199956,0.3806646525679758
58,2014-03-31,32875,22994998,1752252.270000033,2437.0,1989003.0000000992,0.0040778929036107674,0.07693716514087726,0.348594004183128
58,2014-04-30,34781,24592269,1744785.703258145,2551.0,2019750.2999999952,0.37334814919478787,0.20345750968310874,0.3750871485010458
58,2014-05-31,35219,23047104,1763982.1450000003,2428.0,1990319.6999999988,0.4598904157818859,0.0669487168875432,0.3465024401580293
58,2014-06-30,35122,21580632,1783954.205,2256.0,1981781.0,0.21427339427224848,-0.1239416275095078,0.3065303276783639
58,2014-07-31,34702,20986738,1797123.821666667,2204.0,2165359.000000001,0.3403392879304977,-0.1816526618621046,0.29444573553334885
58,2014-08-31,44035,25946559,1906546.3674999962,2751.0,2183889.9999999884,0.2038613902740479,0.4254230264238657,0.4215663490587962
58,2014-09-30,37210,21770723,1725589.30333334,2248.0,1945830.00000002,0.16613828276233214,-0.13282024817913807,0.3046711596560539
58,2014-10-31,35519,20295318,1613837.566666663,2037.0,1782044.999999989,-0.1793801206861033,-0.3669938683406367,0.2556356030676272
58,2014-11-30,40762,22819543,1855140.2516666702,2330.0,2154116.0000000102,0.1648869839271613,-0.041814386315427714,0.3237276318847316
58,2014-12-31,85202,42823601,4326557.190611116,5153.0,6251585.00000002,0.3170892081686909,3.091228882480357,0.9797815477573786
58,2015-01-31,43116,19275770,1530678.811666667,1922.0,1797143.000000001,-0.2730559839882813,-0.49462404046657193,0.22891006274692074
58,2015-02-28,46833,19868297,1662484.47702381,2060.0,1985330.730000002,-0.0061519558274277,-0.3414678339154496,0.2609807111317685
58,2015-03-31,49744,20345451,1915822.255,2077.0,2257014.160000001,0.13474648353968724,-0.3226007649924853,0.26493144317917733
58,2015-04-30,40554,16625196,1401913.144833334,1735.0,1732700.0000000019,-0.14212167712018361,-0.7021617986191797,0.18545201022542412
58,2015-05-31,39913,15954360,1328366.44333333,1575.0,1550313.3699999899,-0.22107319241225878,-0.8797342120117853,0.1482686497792238
58,2015-06-30,38742,15203557,1270860.183333334,1463.0,1349905.5000000019,-0.3188422434164008,-1.0040349013866092,0.12224029746688357
58,2015-07-31,43572,16625857,1262507.563333333,1594.0,1339370.9999999981,-0.381455453806968,-0.8586474879214133,0.15268417383221008
58,2015-08-31,47323,16849235,1615053.6333332958,1754.0,1851121.9999998868,-0.15237397487973445,-0.6810750745288078,0.1898675342784104
58,2015-09-30,33128,12288799,1270166.9833333371,1199.0,1408430.000000011,-0.2761803446344252,-1.2970293834844084,0.060887752730653034
58,2015-10-31,41461,14662194,1503881.5,1460.0,1653068.0,-0.07237583787165298,-1.0073643841377204,0.12154310945851732
59,2013-01-31,3536,14832593,1211430.6400000001,1704.0,1330189.0,,0.6793401507491402,0.5685096153846154
59,2013-02-28,4628,17024789,1282492.968333333,2063.0,1485323.999999999,,1.5466161553557718,0.7842548076923077
59,2013-03-31,5247,15199021,1265495.4056349192,1944.0,1494759.989999969,,1.2591346942187547,0.7127403846153846
59,2013-04-30,5192,13294899,900101.566666667,1466.0,982731.500000001,,0.10437722847510593,0.4254807692307692
59,2013-05-31,5701,12383592,901720.208333336,1545.0,1088616.000000015,,0.2952262657005207,0.4729567307692308
59,2013-06-30,7404,14272549,1027872.9148717971,1708.0,1263981.9999999711,,0.6890033931403005,0.5709134615384616
59,2013-07-31,10401,18328460,1149934.1566666667,1976.0,1232969.0,,1.3364406333480365,0.7319711538461539
59,2013-08-31,11577,18133341,1180488.136666663,2089.0,1296418.9999999888,,1.6094272308983133,0.7998798076923077
59,2013-09-30,11073,16010743,1190389.95282052,1981.0,1655218.100000221,,1.3485196863369868,0.7349759615384616
59,2013-10-31,11361,15408444,1146598.42777778,1763.0,1352985.0,,0.8218729760187538,0.6039663461538461
59,2013-11-30,11314,13341926,1065124.49511644,1647.0,1908512.9999991688,,0.5416389466751068,0.5342548076923077
59,2013-12-31,19758,19895422,1916418.0333333001,2422.0,2294601.9999997998,,2.4138921599624035,1.0
59,2014-01-31,16591,11756505,1000364.25,1276.0,1038632.5,-0.21918426629599252,-0.3546267851050055,0.3112980769230769
59,2014-02-28,17476,11298486,1123663.75666667,1400.0,1428512.00000001,-0.03824889384402938,-0.05506627097903804,0.3858173076923077
59,2014-03-31,17980,11413668,1102558.954545488,1381.0,1439020.000000104,-0.037290260893232834,-0.10096667233704917,0.37439903846153844
59,2014-04-30,17821,11143337,991412.3109481928,1311.0,1170795.000000003,0.19136814073834182,-0.27007341418235337,0.3323317307692308
59,2014-05-31,16889,10105422,1031925.637424242,1177.0,1236650.989999917,0.13598458042128736,-0.5937920342862214,0.25180288461538464
59,2014-06-30,17908,10101486,968620.276666667,1183.0,1313043.600000001,0.03881510970886533,-0.5792971706994811,0.25540865384615385
59,2014-07-31,18408,10455248,927959.754022993,1186.0,1176030.000000139,-0.046180398696042645,-0.5720497389061109,0.25721153846153844
59,2014-08-31,22685,12428897,1136073.8673809632,1408.0,1302852.0000000692,0.004962130298985422,-0.035739786196717555,0.390625
59,2014-09-30,19998,10547141,1226574.4571428169,1256.0,1590277.9999998687,-0.03923356082219237,-0.4029429970608067,0.29927884615384615
59,2014-10-31,19039,9766877,1055708.916666669,1127.0,1158658.000000007,-0.1436283476904718,-0.7145825641757244,0.22175480769230768
59,2014-11-30,23622,11466165,1534723.56181817,1490.0,2083229.99999997,0.09154614089653948,0.16235668282206736,0.43990384615384615
59,2014-12-31,37225,17097105,2272996.94666667,1999.0,2541423.70000001,0.10756623588763181,1.3920042770972079,0.7457932692307693
59,2015-01-31,22268,9115348,892106.25,1062.0,1028576.0,-0.00968244302002874,-0.8716102530320784,0.18269230769230768
59,2015-02-28,24598,9258663,980813.280714284,1178.0,1138103.9999999884,-0.2032940570327863,-0.5913762236884313,0.25240384615384615
59,2015-03-31,22798,8779718,846766.610952376,1007.0,967777.519999968,-0.32747458687169184,-1.0044798359105316,0.14963942307692307
59,2015-04-30,20123,7547554,727902.421428567,990.0,1077418.9999999008,-0.07975435494693944,-1.0455486160729628,0.13942307692307693
59,2015-05-31,22146,7592813,809704.45,999.0,1133812.5,-0.0831588627927464,-1.023806320692852,0.14483173076923078
59,2015-06-30,23893,8547082,757934.15,905.0,829087.0,-0.3685761843704205,-1.2508925168851177,0.08834134615384616
59,2015-07-31,25631,8985296,785134.2000000001,976.0,830808.5,-0.2935482088042807,-1.0793699644420236,0.1310096153846154
59,2015-08-31,28782,8973585,837190.4033333298,1199.0,1010360.9999999901,-0.2245005572390905,-0.5406442011348401,0.26502403846153844
59,2015-09-30,19982,6622029,737496.151960785,758.0,883654.999999997,-0.4443392916206664,-1.6060166747602567,0.0
59,2015-10-31,23003,7208528,791920.014285714,799.0,939554.999999998,-0.18910066646068782,-1.506968440250864,0.024639423076923076
